%% Created using Papers on Mon, 30 Jun 2014.
%% http://papersapp.com/papers/

@article{Lee:1997kq,
author = {Lee, Aie-Rie and Kidd, Quentin},
title = {{More on Postmaterialist Values and the Environment.}},
journal = {Social Science Quarterly (University of Texas Press)},
year = {1997},
volume = {78},
number = {1},
pages = {36--43},
month = mar,
annote = {Accession Number: 9704101011; Lee, Aie-Rie 1; Kidd, Quentin 1; Affiliations: 1 : Texas Tech University.; Source Info: Mar97, Vol. 78 Issue 1, p36; Thesaurus Term: POSTMATERIALISM; Thesaurus Term: SOCIAL surveys; Thesaurus Term: ECONOMIC development; Subject Term: ENVIRONMENTALISM; Subject Term: SURVEYS; Subject Term: DEVELOPED countries; Number of Pages: 8p; Document Type: Article}
}

@book{Inglehart:1990wn,
title = {{Culture shift in advanced industrial society}},
publisher = {Princeton University Press},
year = {1990},
address = {Princeton, NJ}
}

@article{Whitfield:2009ku,
author = {Whitfield, Stephen C and Rosa, Eugene A and Dan, Amy and Dietz, Thomas},
title = {{The Future of Nuclear Power: Value Orientations and Risk Perception}},
journal = {Risk Analysis},
year = {2009},
volume = {29},
number = {3},
pages = {425--437},
month = mar
}

@article{Nawrotzki:2012bk,
author = {Nawrotzki, Raphael J},
title = {{The Politics of Environmental Concern: A Cross-National Analysis}},
journal = {Organization {\&} Environment},
year = {2012},
volume = {25},
number = {3},
pages = {286--307},
month = oct
}

@article{Hadler:2011ud,
title = {{Global activism and nationally driven recycling: The influence of world society and national contexts on public and private environmental behavior}},
year = {2011}
}

@article{Blasberg:2012vw,
author = {Blasberg, Anita and Kohlenberg, Kerstin},
title = {{Die Klimakrieger}},
year = {2012},
number = {22.11.2012 Nr.48},
month = nov
}

@article{Anonymous:2012ve,
title = {{Leugnen und verschleiern}},
journal = {Zeit-Online},
year = {2012},
number = {09.02.2012},
month = feb
}

@techreport{Anonymous:2013uk,
title = {{Climate Change and Financial Instability Seen as Top Global Threats
}},
institution = {PewResearch Center},
year = {2013},
address = {Washingon, DC},
month = jun,
annote = {See also Zeit-Online: http://www.zeit.de/gesellschaft/zeitgeschehen/2013-06/umfrage-bedrohungen-klimawandel
}
}

@article{Vastfjall:2008wb,
author = {V{\"a}stfj{\"a}ll, Daniel and Peters, Ellen and Slovic, Paul},
title = {{Affect, risk perception and future optimism after the tsunami disaster}},
journal = {Judgment and Decision Making},
year = {2008},
volume = {3},
number = {1},
pages = {64--72}
}

@inproceedings{Giger:2012ur,
author = {Giger, Nathalie and Kl{\"u}ver, Heike},
title = {{Focusing events and policy change: The aftermath of Fukushima}},
booktitle = { 2nd European Political Science Association Conference},
year = {2012},
address = {Berlin (21-23 June)}
}

@article{Slovic:2004hj,
author = {Slovic, Paul and Finucane, Melissa L and Peters, Ellen and MacGregor, Donald G},
title = {{Risk as Analysis and Risk as Feelings: Some Thoughts about Affect, Reason, Risk, and Rationality}},
journal = {Risk Analysis},
year = {2004},
volume = {24},
number = {2},
pages = {311--322},
month = apr
}

@incollection{Rosa:1993uj,
author = {Rosa, Eugene A and Freudenburg, William R},
title = {{The Historical Development of Public Reactions to Nuclear Power: Implications for Nuclear Waste Policy}},
booktitle = {Public Reactions to Nuclear Waste},
year = {1993},
editor = {Dunlap, Riley E. and Kraft, Michael E and Rosa, Eugene A},
pages = {32--63},
publisher = {Duke University Press},
address = {Durham and London}
}

@article{Freudenburg:1992fz,
author = {Freudenburg, William R and Pastor, Susan K},
title = {{Public Responses to Technological Risks: Toward a Sociological Perspective}},
journal = {Sociological Quarterly},
year = {1992},
volume = {33},
number = {3},
pages = {389--412},
month = sep
}

@article{Kleinhesselink:1991vt,
author = {Kleinhesselink, Randall R and Rosa, Eugene A},
title = {{Cognitive Representation of Risk Perceptions A Comparison of Japan and the United States}},
journal = {Journal of Cross-Cultural Psychology},
year = {1991},
volume = {22},
number = {1},
pages = {11--28}
}

@book{Voss:2010va,
author = {Vo{\ss}, Herbert},
title = {{LaTeX Referenz}},
publisher = {Lehmanns},
year = {2010},
edition = {2. Auflage}
}

@article{Schaeffer:2003wb,
author = {Schaeffer, Nora Cate and Presser, Stanley},
title = {{The Science of Asking Questions}},
year = {2003},
volume = {29},
pages = {65--88},
month = dec
}

@article{Attari:2010wg,
author = {Attari, Shahzeen Z. and DeKay, Michael L. and Davidson, Cliff I. and Bruine de Bruin, W{\"a}ndi},
title = {{Public perceptions of energy consumption and savings}},
journal = {PNAS},
year = {2010},
volume = {107},
number = {37},
pages = {16054--16059}
}

@article{Kohler:2007vu,
author = {Kohler, U},
title = {{Regressionsmodelle f{\"u}r Paneldaten und Daten mit hierarchischen Strukturen}},
year = {2007},
pages = {257}
}

@booklet{Schuman:1996tb,
title = {{Questions and answers in attitude surveys: Experiments on question form, wording, and context}},
author = {Schuman, Howard and Presser, Stanley},
howpublished = {Sage Publications, Inc},
year = {1996}
}

@booklet{Baum:2006vj,
title = {{An introduction to modern econometrics using Stata}},
author = {Baum, Christopher F.},
howpublished = {Stata Corp},
year = {2006}
}

@article{Lelieveld:2012ba,
author = {Lelieveld, J and Kunkel, D and Lawrence, M G},
title = {{Global risk of radioactive fallout after major nuclear reactor accidents}},
journal = {Atmospheric Chemistry and Physics},
year = {2012},
volume = {12},
number = {9},
pages = {4245--4258}
}

@article{Axelrod:1994jy,
author = {Axelrod, Lawrence},
title = {{Balancing Personal Needs with Environmental Preservation: Identifying the Values that Guide Decisions in Ecological Dilemmas}},
journal = {Journal of Social Issues},
year = {1994},
volume = {50},
number = {3},
pages = {85--104},
month = oct
}

@article{Prati:2013jc,
author = {Prati, Gabriele and Zani, Bruna},
title = {{The Effect of the Fukushima Nuclear Accident on Risk Perception, Antinuclear Behavioral Intentions, Attitude, Trust, Environmental Beliefs, and Values}},
journal = {Environment and Behavior},
year = {2013},
volume = {45},
number = {6},
pages = {782--798},
month = jun
}

@article{Liere:1978ds,
author = {Liere, Kent D and Dunlap, Riley E.},
title = {{Moral Norms and Environmental Behavior: An Application of Schwartz's Norm-Activation Model to Yard Burning}},
journal = {Journal of Applied Social Psychology},
year = {1978},
volume = {8},
number = {2},
pages = {174--188},
month = jun
}

@article{Bickerstaff:2008wa,
author = {Bickerstaff, Karen and Lorenzoni, Irene and Pidgeon, Nick F and Poortinga, Wouter and Simmons, Peter},
title = {{Reframing nuclear power in the UK energy debate: nuclear power, climate change mitigation and radioactive waste}},
journal = {Public understanding of science},
year = {2008},
volume = {17},
number = {2},
pages = {145--169}
}

@article{Truelove:2013vg,
author = {Truelove, Heather Barnes and Greenberg, Michael R and Powers, Charles W},
title = {{Are Implicit Associations With Nuclear Energy Related to Policy Support? Evidence From the Brief Implicit Association Test}},
journal = {Environment and Behavior},
year = {2013}
}

@article{Kahneman:1984td,
author = {Kahneman, Daniel and Tversky, Amos},
title = {{Choices, Values, and Frames}},
journal = {American Psychologist},
year = {1984},
volume = {39},
number = {4},
pages = {341--350}
}

@article{Verplanken:1989ef,
author = {Verplanken, Bas},
title = {{Beliefs, Attitudes, and Intentions Toward Nuclear Energy Before and After Chernobyl in a Longitudinal Within-subjects Design}},
journal = {Environment and Behavior},
year = {1989},
volume = {21},
number = {4},
pages = {371--392}
}

@book{Renn:1997tx,
author = {Renn, Ortwin and Zwick, Michael M},
editor = {des Menschen und der Umwelt des 13 Deutschen Bundestages, Enquete-Kommission Schutz},
title = {{Risiko- und Technikakzeptanz}},
publisher = {Springer},
year = {1997},
series = {Konzept Nachhaltigkeit},
address = {Berlin}
}

@book{Jaeger:2001wv,
author = {Jaeger, Carlo C and Webler, Thomas and Rosa, Eugene A and Renn, Ortwin},
title = {{Risk, Uncertainty and Rational Action}},
publisher = {Earthscan},
year = {2001},
address = {London}
}

@article{Benfield:2013dq,
author = {Benfield, Jacob A and Rainbolt, Gretchen Nurse and Bell, Paul A and Donovan, Geoffrey H},
title = {{Classrooms With Nature Views: Evidence of Differing Student Perceptions and Behaviors}},
journal = {Environment and Behavior},
year = {2013},
volume = {published online},
month = aug
}

@article{Greenberg:2011ja,
author = {Greenberg, Michael and Truelove, Heather Barnes},
title = {{Energy Choices and Risk Beliefs: Is It Just Global Warming and Fear of a Nuclear Power Plant Accident?}},
journal = {Risk Analysis},
year = {2011},
volume = {31},
number = {5},
pages = {819--831}
}

@book{Vogel:1999vi,
author = {Vogel, Michael P},
title = {{Environmental Kuznets Curves}},
publisher = {Springer Verlag},
year = {1999},
series = {A Study on the Economic Theory and Political Economy of Environmental Quality Improvements in the Course of Economic Growth},
address = {Berlin}
}

@article{Schmidt:2008jf,
author = {Schmidt, John R},
title = {{Why Europe Leads on Climate Change}},
journal = {Survival},
year = {2008},
volume = {50},
number = {4},
pages = {83--96},
month = sep
}

@article{King:2011ff,
author = {King, Gary},
title = {{Ensuring the Data-Rich Future of the Social Sciences}},
journal = {Science},
year = {2011},
volume = {331},
number = {6018},
pages = {719--721},
month = feb
}

@article{vanSoest:2008fs,
author = {van Soest, Arthur and Hurd, Michael},
title = {{A Test for Anchoring and Yea-Saying in Experimental Consumption Data}},
journal = {Journal of the American Statistical Association},
year = {2008},
volume = {103},
number = {481},
pages = {126--136},
month = mar
}

@book{Fischhoff:1981tx,
author = {Fischhoff, Baruch and Lichtenstein, Sarah and Slovic, Paul and Derby, Steven L and Keeney, Ralph},
title = {{Acceptable Risk}},
publisher = {Cambridge University Press},
year = {1981},
month = nov
}

@article{Bruckner:1995vo,
author = {Bruckner, Gerald J},
title = {{Der Kontingente Bewertungsansatz zur Messung von Umweltg{\"u}tern: Stand der Debatte und umweltpolitische Einsatzm{\"o}glicheiten.}},
journal = {Zeitschrift f{\"u}r Umweltpolitik und Umweltrecht},
year = {1995},
volume = {4},
pages = {503--536}
}

@book{Renn:2014tn,
author = {Renn, Ortwin},
title = {{Das Risikoparadox. Warum wir uns vor dem Falschen f{\"u}rchten}},
publisher = {Fischer Verlag},
year = {2014},
address = {Frankfurt am Main}
}

@book{Hanley:2013uu,
author = {Hanley, Nick and Shogren, Jason and Ben White},
title = {{Introduction to Environmental Economics}},
publisher = {OUP Oxford},
year = {2013},
edition = {second edition},
month = jan
}

@article{Wilson:1996tq,
author = {Wilson, Margo and Daly, Martin and Gordon, Stephen},
title = {{Sex Differences in Valuations of the Environment?}},
journal = {Population and Environment},
year = {1996},
volume = {18},
number = {2}
}

@article{Bord:1997tq,
author = {Bord, Richard J and O'Connor, Robert E},
title = {{The gender gap in environmental attitudes : The case of perceived vulnerability to risk : Research on the environment}},
year = {1997},
volume = {78},
number = {4},
pages = {830--840}
}

@article{Rosa:1998uu,
author = {Rosa, Eugene A},
title = {{Metatheoretical Foundations for Post-normal Risk}},
journal = {Journal of Risk Research},
year = {1998},
volume = {1},
pages = {15--44}
}

@book{Koch:2000wc,
author = {Koch, A and Wasmer, M and Harkness, J},
title = {{Koch: ZUMA-Methodenbericht 2001/05 - Google Scholar}},
publisher = {Konzeption und Durchf{\"u}hrung der `` {\ldots}},
year = {2000}
}

@article{Rosa:2010ue,
author = {Rosa, Eugene A and Tuler, Seth P and Webler, Thomas and Friedman, Sharon M and Sclove, Richard E and Shrader-Frechette, Kristin and English, Mary R and Kasperson, Roger E and Goble, Robert L},
title = {{Nuclear waste: knowledge waste?}},
journal = {Science(Washington)},
year = {2010},
volume = {329},
number = {5993},
pages = {762--763}
}

@article{Utz:2013cs,
author = {Utz, Sonja and Schultz, Friederike and Glocka, Sandra},
title = {{Crisis communication online: How medium, crisis type and emotions affected public reactions in the Fukushima Daiichi nuclear disaster}},
journal = {Public Relations Review},
year = {2013},
volume = {39},
number = {1},
pages = {40--46},
month = mar
}

@article{Wittneben:2012ka,
author = {Wittneben, Bettina B F},
title = {{The impact of the Fukushima nuclear accident on European energy policy}},
year = {2012},
volume = {15},
number = {1},
pages = {1--3},
month = jan
}

@article{Pfister:1994we,
title = {{Das 1950er Syndrom Die Epochenschwelle der Mensch-Umwelt-Beziehung zwischen Industriegesellschaft und Konsumgesellschaft}},
journal = {GAIA - Ecological Perspecitves for Science and Society},
year = {1994},
volume = {3},
number = {2},
pages = {71--90(20)}
}

@article{Aoki:2013hs,
author = {Aoki, Masahiko and Rothwell, Geoffrey},
title = {{A comparative institutional analysis of the Fukushima nuclear disaster Lessons and policy implications}},
journal = {Energy Policy},
year = {2013},
volume = {53},
number = {C},
pages = {240--247},
month = feb
}

@article{Reimer:2012vi,
author = {Reimer, Nick},
title = {{Klimagase {\"u}ber der Arktis erreichen Rekordwerte}},
journal = {Zeit-Online},
year = {2012},
month = jun,
annote = {published: 4. June 2012}
}

@article{Stern:1995tc,
author = {Stern, Paul C and Kalof, Linda and Dietz, Thomas},
title = {{Values, Beliefs, and Proenvironmental Action: Attitude Formation Toward Emergent Attitude Objects}},
journal = {Journal of Applied {\ldots}},
year = {1995}
}

@article{Legewie:UlbMgBbS,
author = {Legewie, Joscha},
title = {{Terrorist Events, and Attitudes towards Immigrants}},
pages = {1--55}
}

@article{Barnosky:2012js,
author = {Barnosky, Anthony D and Hadly, Elizabeth A and Bascompte, Jordi and Berlow, Eric L and Brown, James H and Fortelius, Mikael and Getz, Wayne M and Harte, John and Hastings, Alan and Marquet, Pablo A and Martinez, Neo D and Mooers, Arne and Roopnarine, Peter and Vermeij, Geerat and Williams, John W and Gillespie, Rosemary and Kitzes, Justin and Marshall, Charles and Matzke, Nicholas and Mindell, David P and Revilla, Eloy and Smith, Adam B},
title = {{Approaching a state shift in Earth's biosphere}},
year = {2012},
volume = {486},
number = {7401},
pages = {52--58},
month = may
}

@article{Paech:2012wd,
author = {Paech, Niko},
title = {{"Gr{\"u}nes" Wachstum w{\"a}re ein Wunder}},
journal = {Zeit-Online},
year = {2012},
number = {21.06.2012},
month = jun
}

@article{Egger:2009jl,
author = {Egger, Andrew C. and Hainmueller, Jens},
title = {{MPs for sale? Returns to office in postwar British politics}},
journal = {American political science review},
year = {2009},
volume = {103},
number = {4},
pages = {513}
}

@article{Keizer:2008dy,
author = {Keizer, Kees and Lindenberg, Siegwart},
title = {{The Spreading of Disorder}},
journal = {Science},
year = {2008},
volume = {322},
number = {5908},
pages = {1681--1685},
month = dec
}

@article{Davidson:1996uk,
author = {Davidson, DJ},
title = {{Gender and Environmental Risk Concerns}},
journal = {Environment and Behavior},
year = {1996}
}

@article{Liebe:2011wu,
author = {Liebe, Ulf and Meyerhoff, J{\"u}rgen},
title = {{To Pay or Not to Pay: Competing Theories to Explain Individuals' Willingness to Pay for Public Environmental Goods}},
journal = {Environment and Behavior},
year = {2011},
volume = {43},
number = {1},
pages = {106--130}
}

@article{Kollock:1998vn,
author = {Kollock, Peter},
title = {{Social Dilemmas: The Anatomy of Cooperation}},
year = {1998},
volume = {24},
pages = {183--214},
month = jan
}

@article{Greenberg:2009fx,
author = {Greenberg, Michael},
title = {{Energy sources, public policy, and public preferences: Analysis of US national and site-specific data}},
year = {2009},
volume = {37},
number = {8},
pages = {3242--3249},
month = aug
}

@book{Morgan:1990vn,
author = {Morgan, Millett Granger and Henrion, Max},
title = {{Uncertainty}},
publisher = {Cambridge University Press},
year = {1990},
series = {A Guide to Dealing with Uncertainty in Quantitative Risk and Policy Analysis},
address = {Cambridge},
month = aug
}

@article{xiao_environmental_2007,
author = {Xiao, Chenyang and McCright, Aaron M},
title = {{Environmental Concern and Sociodemographic Variables: A Study of Statistical Models}},
journal = {The Journal of Environmental Education},
year = {2007},
volume = {38},
number = {2},
pages = {3--14},
month = jan
}

@article{Heath:2006tn,
author = {Heath, Yuko and Gifford, Robert},
title = {{Free-market ideology and environmental degradation the case of belief in global climate change}},
journal = {Environment and Behavior},
year = {2006},
volume = {38},
number = {1},
pages = {48--71}
}

@article{Steg:2009ts,
author = {Vlek, Charles},
title = {{Encouraging pro-environmental behaviour: An integrative review and research agenda}},
journal = {Journal of Environmental Psychology},
year = {2009},
volume = {29},
pages = {309--317}
}

@article{Goldstein:2008hy,
author = {Goldstein, Noah J and Cialdini, Robert B and Griskevicius, Vladas},
title = {{A Room with a Viewpoint: Using Social Norms to Motivate Environmental Conservation in Hotels}},
journal = {Journal of Consumer Research},
year = {2008},
volume = {35},
number = {3},
pages = {472--482},
month = oct
}

@book{deFinetti:1974ua,
author = {de Finetti, Bruno},
title = {{Theory of Probability}},
publisher = {Wiley},
year = {1974},
address = {New York},
edition = {1}
}

@article{Hanss:2013fw,
author = {Hanss, Daniel and B{\"o}hm, Gisela},
title = {{Promoting purchases of sustainable groceries: An intervention study}},
journal = {Journal of Environmental Psychology},
year = {2013},
volume = {33},
number = {C},
pages = {53--67},
month = mar
}

@incollection{Kasperson:2008tw,
author = {Kasperson, Roger E},
title = {{Coping with Deep Uncertainty: Challenges from Environmental Assessment and Decision-making}},
booktitle = {Uncertainty and Risk. Multidisciplinary Perspectives},
year = {2008},
editor = {Bemmer, Gabriele and Smithson, Michael},
pages = {337--361},
publisher = {earthscan},
address = {London}
}

@article{Kasperson:1992cu,
author = {Kasperson, Roger E and Golding, Dominic and Tuler, Seth},
title = {{Social Distrust as a Factor in Siting Hazardous Facilities and Communicating Risks}},
journal = {Journal of Social Issues},
year = {1992},
volume = {48},
number = {4},
pages = {161--187},
month = jan
}

@book{Opp:1983uj,
author = {Opp, Karl-Dieter},
title = {{Die Entstehung sozialer Normen}},
publisher = {Mohr (Paul Siebeck)},
year = {1983},
series = {Ein Integrationsversuch soziologischer, sozialpsychologischer und {\"o}konomischer Erkl{\"a}rungen},
address = {T{\"u}bingen}
}

@book{Benninghaus:2005up,
author = {Benninghaus, Hans},
title = {{Einf{\"u}hrung in die sozialwissenschaftliche Datenanalyse}},
publisher = {Oldenbourg},
year = {2005},
address = {M{\"u}nchen},
edition = {7}
}

@article{Franzen:2012eq,
author = {Franzen, Axel and Vogl, Dominikus},
title = {{Acquiescence and the Willingness to Pay for Environmental Protection: A Comparison of the ISSP, WVS, and EVS}},
journal = {Social Science Quarterly },
year = {2013},
volume = {94},
number = {3},
pages = {637--659}
}

@article{Dietz:2003hv,
author = {Dietz, Thomas and Ostrom, Elinor and Stern, Paul C},
title = {{The Struggle to Govern the Commons}},
journal = {Science},
year = {2003},
volume = {302},
number = {5652},
pages = {1907--1912},
month = jan
}

@article{Schafer:2000vm,
author = {Schafer, Joseph L. and Schenker, Nathaniel T3 -},
title = {{Inference with Imputed Conditional Means}},
journal = {Journal of the American Statistical Association},
year = {2000},
volume = {95},
number = {449},
pages = {144--154},
month = jan
}

@article{Abrahamse:2005uh,
author = {Abrahamse, Wokje and Vlek, Charles and Rothengatter, Talib},
title = {{A review of intervention studies aimed at household energy conservation}},
journal = {Journal of Environmental Psychology},
year = {2005},
volume = {25},
pages = {273--291}
}

@booklet{Fox:2008uc,
title = {{Applied regression analysis and generalized linear models}},
author = {Fox, John},
howpublished = {Sage Publications, Inc},
address = {London},
year = {2008}
}

@techreport{CH:2011uy,
author = {{CH2011}},
title = {{Swiss Climate Change Scenarios CH2011}},
year = {2011},
address = {Z{\"u}rich},
month = sep,
annote = {CH2011 (2011), Swiss Climate Change Scenarios CH2011, published by C2SM, MeteoSwiss, ETH, NCCR Climate, and OcCC, Zurich, Switzerland, 88 pp. ISBN: 978-3-033-03065-7
}
}

@article{Dake:1992uj,
author = {Dake, Karl},
title = {{Myths of nature: Culture and the social construction of risk}},
journal = {Journal of Social Issues},
year = {1992},
volume = {48},
number = {4},
pages = {21--37}
}

@book{Moore:2012wc,
author = {Moore, David S and McCabe, George P and Craig, Bruce A},
title = {{Introduction to the Practice of Statistics}},
publisher = {W.H. Freeman and Company},
year = {2012},
edition = {7}
}

@article{McCright:2011eb,
author = {McCright, Aaron M and Dunlap, Riley E.},
title = {{Cool dudes: The denial of climate change among conservative white males in the United States}},
journal = {Global Environmental Change},
year = {2011},
volume = {21},
number = {4},
pages = {1163--1172},
month = oct
}

@article{Goebbert:2012wl,
author = {Goebbert, K and Jenkins-Smith, H C},
title = {{Weather, Climate, and Worldviews: The Sources and Consequences of Public Perceptions of Changes in Local Weather Patterns*}},
journal = {Weather},
year = {2012}
}

@article{McCright:2011fa,
author = {McCright, Aaron M and Dunlap, Riley E.},
title = {{THE POLITICIZATION OF CLIMATE CHANGE AND POLARIZATION IN THE AMERICAN PUBLIC'S VIEWS OF GLOBAL WARMING, 2001-2010}},
journal = {Sociological Quarterly},
year = {2011},
volume = {52},
number = {2},
pages = {155--194},
month = apr
}

@article{Stern:1993vn,
author = {Stern, Paul C and Dietz, Thomas and Kalof, Linda},
title = {{Value orientations, gender, and environmental concern}},
journal = {Environment and Behavior},
year = {1993},
volume = {25},
pages = {322--348}
}

@article{Saner:2013jn,
author = {Saner, Dominik and Heeren, Niko and J{\"a}ggi, Boris and Waraich, Rashid A and Hellweg, Stefanie},
title = {{Housing and Mobility Demands of Individual Households and their Life Cycle Assessment}},
journal = {Environ. Sci. Technol.},
year = {2013},
volume = {47},
number = {11},
pages = {5988--5997},
month = jan
}

@article{Brulle:2012co,
author = {Brulle, Robert J and Carmichael, Jason and Jenkins, J Craig},
title = {{Shifting public opinion on climate change: an empirical assessment of factors influencing concern over climate change in the U.S., 2002--2010}},
journal = {Climatic Change},
year = {2012},
volume = {114},
number = {2},
pages = {169--188},
month = feb
}

@article{Iyer:2007tz,
author = {Iyer, Easwar S and Kashyap, Rajiv K},
title = {{Consumer recycling: Role of incentives, information, and social class}},
journal = {Journal of Consumer Behaviour},
year = {2007},
volume = {6},
number = {1},
pages = {32--47}
}

@article{Schenker:2006wu,
author = {Schenker, Nathaniel and Raghunathan, Trivellore E and Chiu, Pei-Lu and Makuc, Diane M and Zhang, Guangyu and Cohen, Alan J},
title = {{Multiple Imputation of Missing Income Data in the National Health Interview Survey}},
journal = {Journal of the American Statistical Association},
year = {2006},
volume = {101},
number = {475},
pages = {924--933},
month = mar
}

@article{Rubin:1996ux,
author = {Rubin, Donald B},
title = {{Multiple Imputation After 18+ Years}},
journal = {Journal of the American Statistical Association},
year = {1996},
volume = {91},
number = {434},
pages = {473--489},
month = jun,
annote = {imputation}
}

@article{Riordan:2011gm,
author = {Riordan, Patrick and Wolbring, Tobias},
title = {{Zur Messung von Forschungsqualit{\"a}t}},
journal = {K{\"o}lner Zeitschrift f{\"u}r Soziologie und Sozialpsychologie},
year = {2011},
volume = {63},
number = {1},
pages = {147--172},
month = jan
}

@article{Derksen:1993tw,
author = {Derksen, Linda and Gartrell, John},
title = {{The Social Context of Recycling}},
year = {1993},
volume = {58},
number = {3},
pages = {434--442},
month = jan
}

@incollection{Tutz:2010wm,
author = {Tutz, Gerhard},
title = {{Regression f{\"u}r Z{\"a}hlvariablen}},
booktitle = {Handbuch der Sozialwissenschaftlichen Datenanalyse},
year = {2010},
editor = {Wolf, Christof and Best, Henning},
pages = {887--904},
publisher = {VS Verlag f{\"u}r Sozialwissenschaften},
address = {Wiesbaden},
month = apr
}

@book{Anonymous:2010uj,
editor = {Wolf, Christof and Best, Henning},
title = {{Handbuch der Sozialwissenschaftlichen Datenanalyse}},
publisher = {VS Verlag f{\"u}r Sozialwissenschaften},
year = {2010},
address = {Wiesbaden},
month = apr
}

@book{Snijders:1999va,
author = {Snijders, Tom A. B. and Bosker, Roel J.},
title = {{Multilevel analysis: an introduction to basic and advanced multilevel modeling}},
publisher = {SAGE Publications},
year = {1999},
address = {London},
month = apr,
annote = { {\#}47 ausgedruckt}
}

@article{Ergas:2012dw,
author = {Ergas, Christina and York, Richard},
title = {{Women's status and carbon dioxide emissions: A quantitative cross-national analysis}},
journal = {Social Science Research},
year = {2012},
volume = {41},
number = {4},
pages = {965--976},
month = jul
}

@article{Marin:1992je,
author = {Marin, Gerardo and Gamba, Raymond J. and Marin, Barbara V.},
title = {{Extreme Response Style and Acquiescence among Hispanics: The Role of Acculturation and Education}},
journal = {Journal of Cross-Cultural Psychology},
year = {1992},
volume = {23},
number = {4},
pages = {498--509},
month = dec
}

@article{Hausman:1978ws,
author = {Hausman, Jerry A},
title = {{Specification Tests in Econometrics}},
year = {1978},
volume = {46},
number = {6},
pages = {1251--1271},
month = jan
}

@article{Chen:2012bw,
author = {Chen, X and Frank, K A and Dietz, T and Liu, J},
title = {{Weak Ties, Labor Migration, and Environmental Impacts: Toward a Sociology of Sustainability}},
journal = {Organization {\&} Environment},
year = {2012},
volume = {25},
number = {1},
pages = {3--24},
month = apr
}

@article{Einstein:1906ep,
author = {Einstein, A.},
title = {{Eine neue Bestimmung der Molek{\"u}ldimensionen}},
journal = {Annalen der Physik},
year = {1906},
volume = {324},
number = {2},
pages = {289--306}
}

@article{Bohm:2005hx,
author = {B{\"o}hm, Gisela and Pfister, Hans R{\"u}diger},
title = {{Consequences, morality, and time in environmental risk evaluation}},
journal = {Journal of Risk Research},
year = {2005},
volume = {8},
number = {6},
pages = {461--479},
month = sep
}

@booklet{umweltbundesamt_umweltbewusstsein_2010,
title = {{Umweltbewusstsein in Deutschland. 2010 Ergebnisse einer repr{\"a}sentativen Bev{\"o}lkerungsumfrage}},
author = {Umweltbundesamt},
address = {Dessau-Ro{\ss}lau},
year = {2010}
}

@article{Dietz:2005kx,
author = {Dietz, Thomas},
title = {{Environmental Values}},
journal = {Annual Review of Environment and Resources},
year = {2005},
volume = {30},
number = {1},
pages = {335--372},
month = nov
}

@webpage{Bruderl:2005wg,
title = {{Panel Data Analysis}},
year = {2005},
month = may,
url = {http://www2.sowi.uni-mannheim.de/lsssm/veranst/Panelanalyse.pdf}
}

@article{Dietz:1998cx,
author = {Dietz, Thomas and Stern, Paul C and Guagnano, Gregory A.},
title = {{Social Structural and Social Psychological Bases of Environmental Concern}},
journal = {Environment and Behavior},
year = {1998},
volume = {30},
number = {4},
pages = {450--471},
month = jul
}

@article{Gattig:2007be,
author = {Gattig, Alexander and Hendrickx, Laurie},
title = {{Judgmental Discounting and Environmental Risk Perception: Dimensional Similarities, Domain Differences, and Implications for Sustainability}},
journal = {Journal of Social Issues},
year = {2007},
volume = {63},
number = {1},
pages = {21--39},
month = mar
}

@webpage{Schaffner:2005th,
author = {Schaffner, Sandra and Spengler, Hannes},
title = {{Unbeobachtete Heterogenit{\"a}t und der Wert eines statistischen Lebens in Deutschland}},
year = {2005},
month = may,
url = {http://doku.iab.de/fdz/events/2005/Schaffner.pdf}
}

@article{CostaFont:2008hf,
author = {Costa-Font, Joan and Rudisill, Caroline and Mossialos, Elias},
title = {{Attitudes as an Expression of Knowledge and ``Political Anchoring'': The Case of Nuclear Power in the United Kingdom}},
journal = {Risk Analysis},
year = {2008},
volume = {28},
number = {5},
pages = {1273--1288},
month = oct
}

@article{Schunck:2013un,
author = {Schunck, R},
title = {{Within and between estimates in random-effects models: Advantages and drawbacks of correlated random effects and hybrid models}},
journal = {Stata Journal},
year = {2013},
volume = {13},
number = {1},
pages = {65--76}
}

@book{Anonymous:2010tl,
editor = {Gross, Matthias and Heinrichs, Harald},
title = {{Environmental Sociology: European Perspectives and Interdisciplinary Challenges}},
publisher = {Springer},
year = {2010},
address = {Heidelberg},
edition = {1st Edition.},
month = jul
}

@article{Osbaldiston:2012cv,
author = {Osbaldiston, Richard and Schott, John P.},
title = {{Environmental Sustainability and Behavioral Science: Meta-Analysis of Proenvironmental Behavior Experiments}},
journal = {Environment and Behavior},
year = {2012},
volume = {44},
number = {2},
pages = {257--299},
month = feb
}

@article{Dasgupta:2008hp,
author = {Dasgupta, Partha},
title = {{Discounting climate change}},
journal = {Journal of Risk and Uncertainty},
year = {2008},
volume = {37},
number = {2-3},
pages = {141--169},
month = sep
}

@article{Jorgenson:2012tk,
author = {Jorgenson, A K and Clark, B},
title = {{Are the Economy and the Environment Decoupling? A Comparative International Study, 1960--20051}},
journal = {American Journal of Sociology},
year = {2012}
}

@article{Wanner:2008vz,
author = {Wanner, H and Beer, J and B{\"u}tikofer, J and Crowley, TJ},
title = {{Mid- to Late Holocene climate change: an overview}},
journal = {Quaternary Science {\ldots}},
year = {2008},
number = {27},
pages = {1791--1828}
}

@article{Lorenz:2011vj,
author = {Lorenz, Jan and Rauhut, Heiko and Schweitzer, Frank and Helbing, Dirk},
title = {{How social influence can undermine the wisdom of crowd effect}},
journal = {PNAS},
year = {2011},
month = may
}

@article{Jorgenson:2011it,
author = {Jorgenson, Andrew K and Clark, Brett},
title = {{Societies consuming nature: A panel study of the ecological footprints of nations, 1960--2003}},
journal = {Social Science Research},
year = {2011},
volume = {40},
number = {1},
pages = {226--244},
month = jan
}

@article{Jorgenson:2012bn,
author = {Jorgenson, Andrew K},
title = {{The sociology of ecologically unequal exchange and carbon dioxide emissions, 1960--2005}},
journal = {Social Science Research},
year = {2012},
volume = {41},
number = {2},
pages = {242--252},
month = mar
}

@article{Leustean:2008fn,
author = {Leustean, Lucian N},
title = {{Orthodoxy and political myths in Balkan national identities}},
journal = {National Identities},
year = {2008},
volume = {10},
number = {4},
pages = {421--432},
month = dec
}

@article{Renn:1992cg,
author = {Renn, Ortwin and Burns, William J and Kasperson, Jeanne X and Kasperson, Roger E and Slovic, Paul},
title = {{The Social Amplification of Risk: Theoretical Foundations and Empirical Applications}},
journal = {Journal of Social Issues},
year = {1992},
volume = {48},
number = {4},
pages = {137--160},
month = jan
}

@article{diekmann_green_2003,
title = {{Green and Greenback: The Behavioral Effects of Environmental Attitudes in Low-Cost and High-Cost Situations}},
year = {2003},
volume = {15},
number = {4},
pages = {441--472}
}

@proceedings{ClusteredErrorsin:Ff-enLYn,
title = {{Clustered Errors in Stata}},
year = {2007},
month = may,
annote = {Available online at \url{http://www.stata.com/meeting/13uk/nichols_crse.pdf}, visited on May 11th 2011.}
}

@incollection{Greenbaum:1995vu,
title = {{Taking Stock of Two Decades of Research on the Social Basis of Environmental Concern}},
booktitle = {Environmental Sociology: Theory and Practice},
year = {1995},
editor = {Metha, Michael D.},
pages = {125--152},
publisher = {Captus Press},
address = {Concord, Canada}
}

@incollection{Liebe:2011tn,
author = {Liebe, Ulf},
title = {{Rational Choice Theory and Environment: Variants, Applications, and New Trends}},
booktitle = {Environmental Sociology: European Perspectives and Interdisciplinary Challenges},
year = {2010},
editor = {Gross, Matthias and Heinrichs, Harald},
pages = {141--158},
publisher = {Springer},
address = {Heidelberg},
month = jul
}

@article{Kemmelmeier:2002iv,
author = {Kim, Young Hun},
title = {{Values, Economics, and Proenvironmental Attitudes in 22 Societies}},
year = {2002},
volume = {36},
number = {3},
pages = {256--285},
month = jan
}

@incollection{Anonymous:2010wn,
title = {{Chapter 2}},
booktitle = {Environmental Sociology: European Perspectives and Interdisciplinary Challenges},
year = {2010},
publisher = {Springer},
address = {Heidelberg},
month = jul
}

@book{coleman1992rational,
editor = {Coleman, James Samuel and Fararo, Thomas J},
title = {{Rational choice theory: advocacy and critique}},
publisher = {Sage Publications},
year = {1992},
series = {Key issues in sociological theory},
edition = {2}
}

@article{Braun:2010ve,
author = {Braun, Daniela and Seher, Nicole and Tausendpfund, Markus and Wolsing, Ansgar},
title = {{Einstellungen gegen{\"u}ber Immigranten und die Zustimmung zur Europ{\"a}ischen Integration: Eine Mehrebenenanalyse}},
journal = {MZES Working Paper},
year = {2010},
volume = {Nr. 136},
pages = {1--61},
month = oct
}

@article{King:2000vh,
author = {King, Gary and Tomz, Michael and Wittenberg, Jason},
title = {{Making the Most of Statistical Analyses: Improving Interpretation and Presentation}},
journal = {American Journal of Political Science},
year = {2000},
volume = {44},
number = {2},
pages = {347--361},
month = apr
}

@article{MarquartPyatt:2012vv,
author = {Marquart-Pyatt, Sandra T},
title = {{Explaining Environmental Activism Across Countries}},
journal = {Society and Natural Resources},
year = {2012}
}

@article{Givens:2011kj,
author = {Givens, Jennifer E and Jorgenson, Andrew K},
title = {{The Effects of Affluence, Economic Development, and Environmental Degradation on Environmental Concern: A Multilevel Analysis}},
journal = {Organization {\&} Environment},
year = {2011},
volume = {24},
number = {1},
pages = {74--91}
}

@article{Samuelson:1937tr,
author = {Samuelson, Paul A},
title = {{A Note on Measurement of Utility}},
journal = {The Review of Economic Studies},
year = {1937},
volume = {4},
number = {2},
pages = {155--161},
month = jan
}

@book{Kuster:2006up,
author = {Kuster, J{\"u}rgen and Huber, Eugen and Lippmann, Robert and Schmid, Alphons and Schneider, emil and Witschi, Urs and W{\"u}st, Roger},
title = {{Handbuch Projektmanagement}},
publisher = {Springer Verlag},
year = {2006},
month = jun
}

@booklet{Gelman:2007te,
title = {{Data analysis using regression and multilevel/hierarchical models}},
author = {Gelman, Andrew and Hill, Jeniffer},
howpublished = {Cambridge Univ Pr},
address = {Cambridge, New York},
year = {2007}
}

@article{Stern:1985vj,
author = {Stern, Paul C and Dietz, Thomas and Black, J Stanley},
title = {{Support for Environmental Protection: The Role of Moral Norms}},
journal = {Population and Environment},
year = {1985},
volume = {8},
number = {3/4},
pages = {204--222},
month = oct
}

@book{Coleman:1990tn,
author = {Coleman, James Samuel},
title = {{Foundations of Social Theory}},
publisher = {Harvard University Press},
year = {1990},
address = {Cambridnge (MA)},
edition = {1}
}

@article{Visschers:2012bf,
author = {Visschers, Vivianne H M and Siegrist, Michael},
title = {{How a Nuclear Power Plant Accident Influences Acceptance of Nuclear Power: Results of a Longitudinal Study Before and After the Fukushima Disaster}},
journal = {Risk Analysis},
year = {2012},
volume = {33},
number = {2},
pages = {333--347},
month = jul
}

@article{Siegrist:2013fl,
author = {Siegrist, Michael and Visschers, Vivianne H M},
title = {{Acceptance of nuclear power: The Fukushima effect}},
journal = {Energy Policy},
year = {2013},
volume = {59},
pages = {112--119},
month = aug
}

@article{Siegrist:2014ji,
author = {Siegrist, Michael and S{\"u}tterlin, Bernadette and Keller, Carmen},
title = {{Why have some people changed their attitudes toward nuclear power after the accident in Fukushima?}},
journal = {Energy Policy},
year = {2014},
month = mar
}

@article{Slovic:1993gm,
author = {Slovic, Paul},
title = {{Perceived Risk, Trust, and Democracy}},
journal = {Risk Analysis},
year = {1993},
volume = {13},
number = {6},
pages = {675--682},
month = dec
}

@article{Kim:2013fo,
author = {Kim, Younghwan and Kim, Minki and Kim, Wonjoon},
title = {{Effect of the Fukushima nuclear disaster on global public acceptance of nuclear energy}},
journal = {Energy Policy},
year = {2013},
volume = {61},
pages = {822--828},
month = oct
}

@article{Visschers:2013ee,
author = {Visschers, Vivianne H M and Wallquist, Lasse},
title = {{Nuclear power before and after Fukushima: The relations between acceptance, ambivalence and knowledge}},
journal = {Journal of Environmental Psychology},
year = {2013},
volume = {36},
pages = {77--86},
month = dec
}

@article{RichardEiser:1990iw,
author = {Richard Eiser, J and Hannover, Bettina and Mann, Leon and Morin, Michel and Pligt, Joop van Der and Webley, Paul},
title = {{Nuclear attitudes after chernobyl: a cross-national study}},
journal = {Journal of Environmental Psychology},
year = {1990},
volume = {10},
number = {2},
pages = {101--110},
month = jun
}

@article{DrottzSjoberg:1990he,
author = {Drottz-Sj{\"o}berg, Britt-Marie and Sjoberg, Lennart},
title = {{Risk perception and worries after the chernobyl accident}},
journal = {Journal of Environmental Psychology},
year = {1990},
volume = {10},
number = {2},
pages = {135--149},
month = jun
}

@article{Midden:1990kd,
author = {Midden, Cees J H and Verplanken, Bas},
title = {{The stability of nuclear attitudes after chernobyl}},
journal = {Journal of Environmental Psychology},
year = {1990},
volume = {10},
number = {2},
pages = {111--119},
month = jun
}

@article{Peters:1990ih,
author = {Peters, Hans Peter and Albrecht, Gabriele and Hennen, Leo and Stegelmann, Hans Ulrich},
title = {{`Chernobyl' and the nuclear power issue in West German public opinion}},
journal = {Journal of Environmental Psychology},
year = {1990},
volume = {10},
number = {2},
pages = {121--134},
month = jun
}

@article{deGroot:2012fg,
author = {de Groot, Judith I M and Steg, Linda and Poortinga, Wouter},
title = {{Values, Perceived Risks and Benefits, and Acceptability of Nuclear Energy}},
journal = {Risk Analysis},
year = {2012},
volume = {33},
number = {2},
pages = {307--317},
month = may
}

@article{deGroot:2010ez,
author = {de Groot, Judith I M and Steg, Linda},
title = {{Morality and Nuclear Energy: Perceptions of Risks and Benefits, Personal Norms, and Willingness to Take Action Related to Nuclear Energy}},
journal = {Risk Analysis},
year = {2010},
volume = {30},
number = {9},
pages = {1363--1373},
month = sep
}

@article{Dohle:2010dr,
author = {Dohle, Simone and Keller, Carmen and Siegrist, Michael},
title = {{Examining the Relationship Between Affect and Implicit Associations: Implications for Risk Perception}},
journal = {Risk Analysis},
year = {2010},
volume = {30},
number = {7},
pages = {1116--1128},
month = apr
}

@article{Ajzen:1991hc,
author = {Ajzen, Icek},
title = {{The theory of planned behavior}},
journal = {Organizational Behavior and Human Decision Processes},
year = {1991},
volume = {50},
number = {2},
pages = {179--211},
month = dec
}

@article{Keller:2011gb,
author = {Keller, Carmen and Visschers, Vivianne and Siegrist, Michael},
title = {{Affective Imagery and Acceptance of Replacing Nuclear Power Plants}},
journal = {Risk Analysis},
year = {2011},
volume = {32},
number = {3},
pages = {464--477},
month = oct
}

@article{Poortinga:2003cb,
author = {Poortinga, Wouter and Pidgeon, Nick F},
title = {{Exploring the Dimensionality of Trust in Risk Regulation}},
journal = {Risk Analysis},
year = {2003},
volume = {23},
number = {5},
pages = {961--972},
month = oct
}

@article{Pidgeon:2008fd,
author = {Pidgeon, Nick F and Lorenzoni, Irene and Poortinga, Wouter},
title = {{Climate change or nuclear power---No thanks! A quantitative study of public perceptions and risk framing in Britain}},
journal = {Global Environmental Change},
year = {2008},
volume = {18},
number = {1},
pages = {69--85},
month = feb
}

@article{He:2014wv,
author = {He, G and Mol, A P J and Zhang, L and Lu, Y},
title = {{Nuclear power in China after Fukushima: Understanding public knowledge, attitudes, and trust}},
journal = {Journal of Risk Research},
year = {2014},
volume = {17},
number = {4},
pages = {435--451}
}

@article{Renn:1990kf,
author = {Renn, Ortwin},
title = {{Public responses to the chernobyl accident}},
journal = {Journal of Environmental Psychology},
year = {1990},
volume = {10},
number = {2},
pages = {151--167},
month = jun
}

@webpage{Anonymous:WDJuIVWi,
title = {{Risk perception and worries after the chernobyl accident}},
url = {http://www.sciencedirect.com.1625.emedia1.bsb-muenchen.de/science/article/pii/S0272494405801240}
}

@article{Midden:1990kda,
author = {Midden, Cees J H and Verplanken, Bas},
title = {{The stability of nuclear attitudes after chernobyl}},
journal = {Journal of Environmental Psychology},
year = {1990},
volume = {10},
number = {2},
pages = {111--119},
month = jun
}

@article{Earle:1990hh,
author = {Earle, Timothy C and Cvetkovich, George},
title = {{What was the meaning of chernobyl?}},
journal = {Journal of Environmental Psychology},
year = {1990},
volume = {10},
number = {2},
pages = {169--176},
month = jun
}

@article{Poortinga:2013gt,
author = {Poortinga, Wouter and Aoyagi, Midori and Pidgeon, Nick F},
title = {{Public perceptions of climate change and energy futures before and after the Fukushima accident: A comparison between Britain and Japan}},
journal = {Energy Policy},
year = {2013},
volume = {62},
pages = {1204--1211},
month = nov
}

@book{Association:1997tj,
author = {Association, American Sociological},
title = {{American Sociological Association. Style Guide}},
publisher = {American Sociological Association},
year = {1997},
volume = {2}
}

@book{Adler:2011wm,
author = {Adler, Joseph},
title = {{R_in_a_Nutshell}},
publisher = {O'Reilly},
year = {2011},
address = {Sebastopol, CA},
month = jan
}

@article{Eiser:1989hc,
author = {Eiser, J Richard and Spears, Russell and Webley, Paul},
title = {{Nuclear Attitudes Before and After Chernobyl: Change and Judgment}},
journal = {Journal of Applied Social Psychology},
year = {1989},
volume = {19},
number = {8},
pages = {689--700},
month = jun
}

@article{Honaker:2010vm,
author = {Honaker, James and King, Gary},
title = {{What to do about missing values in time‐series cross‐section data}},
journal = {American Journal of Political Science},
year = {2010},
volume = {54},
number = {2},
pages = {561--581}
}

@book{Kates:1985wu,
author = {Kates, Robert William and Hohenemser, Christoph and Kasperson, Jeanne X},
title = {{Perilous progres: Managing the hazards of technology}},
publisher = {Westview Press},
year = {1985},
address = {Boulder, CO}
}

@article{Funabashi:2012fs,
author = {Funabashi, Yoichi and Kitazawa, Kay},
title = {{Fukushima in review: A complex disaster, a disastrous response}},
journal = {Bulletin of the Atomic Scientists},
year = {2012},
volume = {68},
number = {2},
pages = {9--21},
month = mar
}

@article{Pidgeon:2012ud,
author = {Pidgeon, Nick F},
title = {{Complex organizational failures culture, high reliability, and lessons from Fukushima}},
journal = {The Bridge Social Sciences and Engineering Practice},
year = {2012},
volume = {42},
pages = {17--22}
}

@incollection{Slovic:2000uv,
author = {Slovic, Paul},
title = {{Trust, Emotion, Sex, Politics and Science: Surveying the Risk-assessment Battlefield}},
booktitle = {The Perception of Risk },
year = {2000},
editor = {Slovic, Paul},
pages = {390--412},
publisher = {Earthscan},
address = {London}
}

@article{Freudenburg:1988vy,
author = {Freudenburg, William R},
title = {{Perceived Risk, Real Risk: Social Science and the Art of Probabilistic Risk Assessment}},
journal = {New Series},
year = {1988},
volume = {242},
number = {4875},
pages = {44--49},
month = oct
}

@inbook{Anonymous:DOAO_Cys
}

@book{Anonymous:2001up,
title = {{ezb.uni-regensburg.de}},
publisher = {Emerald (MCB UP )},
year = {2001},
address = {Bingley}
}

@article{Andreoni:1990tq,
author = {Andreoni, James},
title = {{Impure altruism and donations to public goods: A theory of warm-glow giving}},
journal = {The Economic Journal},
year = {1990},
volume = {100},
number = {401},
pages = {464--477}
}

@book{Sinn:2012ul,
author = {Sinn, Hans-Werner},
title = {{The Green Paradox}},
publisher = {MIT Press (MA)},
year = {2012},
series = {A Supply-Side Approach to Global Warming},
month = feb
}

@incollection{Freudenburg:2001cs,
author = {Freudenburg, William R},
title = {{Risk, responsibility and recreancy}},
booktitle = {Environmental Risks: Perception, Evaluation and Management },
year = {2001},
editor = {B{\"o}m, Gisela and Nerb, Josef and McDaniels, Timothy and Spada, Hans},
pages = {87--108},
publisher = {Emerald Group Publishing Limited},
address = {Bingley}
}

@incollection{Slovic:1982vr,
author = {Slovic, Paul and Fischhoff, Baruch and Lichtenstein, Sarah},
title = {{Facts versus fears: Understanding perceived risk}},
booktitle = {Judgement under uncertainty: Heuristics and biases},
year = {1982},
editor = {Kahneman, Daniel and Slovic, Paul and Tversky, Amos},
pages = {463--489},
publisher = {Cambridge University Press},
address = {Cambridge}
}

@article{Sandvik:2008ui,
author = {Sandvik, Hanno},
title = {{Public concern over global warming correlates negatively with national wealth}},
journal = {Climatic Change},
year = {2008},
volume = {90},
number = {3},
pages = {333--341}
}

@article{Kunreuther:2001dj,
author = {Kunreuther, Howard and Novemsky, Nathan and Kahneman, Daniel},
title = {{Making Low Probabilities Useful}},
journal = {Journal of Risk and Uncertainty},
year = {2001},
volume = {23},
number = {2},
pages = {103--120}
}

@incollection{Vastfjall:2010wb,
author = {V{\"a}stfj{\"a}ll, Daniel and Peters, Ellen and Slovic, Paul},
title = {{Affect, Risk Perception and Future Optimism After the Tsunami Disaster}},
booktitle = {The Feeling of Risk},
year = {2010},
editor = {Slovic, Paul},
pages = {109--121},
publisher = {Earthscan},
address = {London}
}

@article{Tversky:1974wi,
author = {Tversky, Amos and Kahneman, Daniel},
title = {{Judgment under uncertainty: Heuristics and biases}},
journal = {Science},
year = {1974},
volume = {185},
number = {4157},
pages = {1124--1131}
}

@article{Svenson:1989up,
author = {Svenson, O and Karlsson, G},
title = {{Decision-making, time horizons, and risk in the very long-term
        perspective}},
journal = {Risk Analysis},
year = {1989},
volume = {9},
pages = {385--399}
}

@webpage{Mounk:wz,
author = {Mounk, Yascha},
title = {{Weniger Wachstum kostet Menschenleben}},
url = {http://pdf.zeit.de/wirtschaft/2012-10/klimawandel-wachstum-fortschritt.pdf}
}

@article{Western:2004tp,
author = {Western, Bruce and Jackman, Simon},
title = {{Bayesian Inference for Comparative Research}},
journal = {American Journal of Political Science},
year = {2004},
volume = {48},
number = {4},
pages = {849--863}
}

@book{Sinn:2012wv,
author = {Sinn, Hans-Werner},
title = {{Das gr{\"u}ne Paradoxon: Pl{\"a}doyer f{\"u}r eine illusionsfreie Klimapolitik}},
publisher = {Ullstein Taschenbuch},
year = {2012}
}

@book{Gutscher:2012tj,
author = {Gutscher, Heinz and Earle, Timothy C C and Siegrist, Michael},
title = {{Trust in Cooperative Risk Management}},
publisher = {Routledge},
year = {2012},
series = {Uncertainty and Scepticism in the Public Mind},
month = may
}

@article{Schwartz:1977tb,
author = {Schwartz, Shalom H.},
title = {{Normative Influences on Altruism}},
journal = {Advances in experimental social psychology},
year = {1977},
volume = {10},
pages = {221--279}
}

@article{Pijawka:1991hx,
author = {Pijawka, K David and Mushkatel, Alvin H},
title = {{Public Opposition To The Siting Of The High-Level Nuclear Waste Repository: The Importance Of Trust}},
journal = {Review of Policy Research},
year = {1991},
volume = {10},
number = {4},
pages = {180--194},
month = dec
}

@article{Berger:2010tj,
author = {Berger, Eva M},
title = {{The Chernobyl Disaster, Concern about the Environment, and Life Satisfaction}},
journal = {KYKLOS},
year = {2010},
volume = {63},
number = {1},
pages = {1--8}
}

@webpage{Anonymous:EUOJLyt-,
title = {{JSTOR: The American Political Science Review, Vol. 88, No. 2, Jun., 1994}}
}

@book{Decker:2012uc,
author = {Decker, Oliver and Kiess, Johannes and Br{\"a}hler, Elmar},
editor = {Melzer, Ralf},
title = {{Die Mitte im Umbruch}},
publisher = {Dietz},
year = {2012},
series = {Rechtsextrme Einstellungen in Deutschland 2012},
address = {Bonn}
}

@book{Greene:2006ux,
author = {Greene, William H},
title = {{Econometric analysis}},
publisher = {Prentice Hall},
year = {2006},
edition = {sixth edition}
}

@booklet{Schiecke:2010tp,
title = {{Microsoft Office Excel 2010 - das Handbuch}},
author = {Schiecke, Dieter and Schwenk, J{\"u}rgen and Schuster, Helmut and Pfeifer, Eckehard},
howpublished = {Microsoft Press},
month = oct,
year = {2010}
}

@book{Berninger:2012tx,
author = {Berninger, Ina and Botzen, Katrin and Kolle, Christian and Vogl, Dominikus and Watteler, Oliver},
title = {{Grundlagen sozialwissenschaftlichen Arbeitens}},
publisher = {Verlag Barbara Budrich},
year = {2012},
series = {UTM},
address = {Opladen {\&} Toronto}
}

@book{Kabacoff:2011vj,
author = {Kabacoff, Robert I},
title = {{R in Action}},
publisher = {Manning Publications Company},
year = {2011},
series = {Data Analysis and Graphics With R},
month = aug
}

@article{Bartus:2005vv,
author = {Bartus, Tam{\'a}s},
title = {{Estimation of marginal effects using margeff}},
journal = {Stata Journal},
year = {2005},
volume = {5},
pages = {309--329}
}

@book{Fox:2010vc,
author = {Fox, John and Weisberg, Sanford},
title = {{An R Companion to Applied Regression}},
publisher = {Sage Publications, Inc},
year = {2010},
month = dec
}

@book{Wooldridge:2002vr,
author = {Wooldridge, Jeffrey M},
title = {{Econometric analysis of cross section and panel data}},
publisher = {The MIT Press},
year = {2002}
}

@article{Magis:2010ev,
author = {Magis, D and Raiche, G},
title = {{An Iterative Maximum a Posteriori Estimation of Proficiency Level to Detect Multiple Local Likelihood Maxima}},
journal = {Applied Psychological Measurement},
year = {2010},
volume = {34},
number = {2},
pages = {75--89},
month = feb
}

@article{Weijters:2010fl,
author = {Weijters, Bert and Geuens, Maggie and Schillewaert, Niels},
title = {{The Individual Consistency of Acquiescence and Extreme Response Style in Self-Report Questionnaires}},
journal = {Applied Psychological Measurement},
year = {2010},
volume = {34},
number = {2},
pages = {105--121},
month = feb
}

@inproceedings{ExplainingEnvironme:2012vy,
author = {Vogl, Dominikus},
title = {{Explaining Environmental Concern: A Hierarchical Bayesian Model Approach}},
booktitle = {Finding Thetas in Europe, 2nd Conference on Applied Bayesian Statistics and MCMC Methods in Social Science (16-17. November 2012)},
year = {2012},
address = {University of Bern},
month = nov
}

@article{Rosa:2012tr,
author = {Rosa, Eugene A and Dietz, Thomas},
title = {{Human drivers of national greenhouse-gas emissions}},
journal = {Nature Climate Change},
year = {2012},
annote = { }
}

@book{Dunlap:1978tn,
author = {Dunlap, Riley E. and Van Liere, Kent D.},
title = {{Environmental concern: A bibliography of empirical studies and brief appraisal of the literature}},
publisher = {Vance Bibliographies},
year = {1978},
address = {Monticello, IL}
}

@article{Barnette:2000hj,
author = {Barnette, J. Jackson},
title = {{Effects of Stem and Likert Response Option Reversals on Survey Internal Consistency: If You Feel the Need, There is a Better Alternative to Using those Negatively Worded Stems}},
journal = {Educational and Psychological Measurement},
year = {2000},
volume = {60},
number = {3},
pages = {361--370},
month = jun
}

@article{Ferrando:2004wg,
author = {Ferrando, Pere J and Condon, Lorena and Chico, Eliseo},
title = {{Personality and Individual Differences : The convergent validity of acquiescence: an empirical study relating balanced scales and separate acquiescence scales}},
journal = {Personality and Individual Differences},
year = {2004}
}

@webpage{Harvey:tv,
author = {Harvey, Greg},
title = {{Excel 2010 f{\"u}r Dummies}},
year = {2010},
url = {http://books.google.ch/books?id=95GOF7xPAAcC&pg=PT22&dq=excel+fur+dummies&cd=1&source=gbs_api&redir_esc=y#v=onepage&q=excel%20fur%20dummies&f=false}
}

@article{Mood:2010hr,
author = {Mood, Carina},
title = {{Logistic Regression: Why We Cannot Do What We Think We Can Do, and What We Can Do About It}},
year = {2010},
volume = {26},
number = {1},
pages = {67--82},
month = feb
}

@book{Schlosser:2011vk,
author = {Schlosser, Joachim},
title = {{Wissenschaftliche Arbeiten schreiben mit LATEX: Leitfaden f{\"u}r Einsteiger}},
publisher = {MITp },
year = {2011},
address = {Heidelberg},
edition = {4. Auflage}
}

@book{Kopka:2006tl,
author = {Kopka, Helmut},
title = {{LaTeX: Band 1. Eine Einf{\"u}hrung}},
publisher = {Addison-Wesley Deutschland},
year = {2006}
}

@book{Kopka:2002vu,
author = {Kopka, Helmut},
title = {{LaTeX: Band 2. Erg{\"a}nzungen}},
publisher = {Addison-Wesley Deutschland},
year = {2002}
}

@book{Kopka:2002wr,
author = {Kopka, Helmut},
title = {{LaTeX: Band 3. Erweiterungen}},
publisher = {Addison-Wesley Deutschland},
year = {2002}
}

@webpage{Tantau:2012wp,
author = {Tantau, Til and Wright, Joseph and Miletic, Vedran},
title = {{The BEAMER class: User Guide for version 3.17}},
year = {2012},
url = {http://mirror.switch.ch/ftp/mirror/tex/macros/latex/contrib/beamer/doc/beameruserguide.pdf}
}

@article{MarquartPyatt:2012kq,
author = {Marquart-Pyatt, Sandra T},
title = {{Contextual influences on environmental concerns cross-nationally: A multilevel investigation}},
journal = {Social Science Research},
year = {2012},
volume = {41},
number = {5},
pages = {1085--1099},
month = sep
}

@article{Xie:2011wy,
author = {Brand, Jennie E and Jann, Ben},
title = {{Estimating heterogeneous treatment effects with observational data}},
journal = {Sociological Methodology},
year = {2011}
}

@article{Cogan:1915vf,
author = {Cogan, L.C. and Conklin, A.M. and Hollingworth, H.L.},
title = {{An Experimental Study of Self-Analysis, Estimates of Associates, and the Results of Tests.}},
journal = {School {\&} Society},
year = {1915}
}

@book{Dahrendorf:2002vy,
title = {{{\"U}ber Grenzen}},
publisher = {C.H.Beck},
year = {2002},
series = {Lebenserinnerungen},
address = {M{\"u}nchen}
}

@article{TaoLi:2007ju,
author = {Tao Li and Wehr, Kevin},
title = {{The Validity of the Factor Structure of the General Social Survey Environmentalism Scales Across Gender and Ethnicity in the United States}},
journal = {Organization {\&}amp; Environment},
year = {2007},
volume = {20},
number = {3},
pages = {367--385},
month = sep
}

@article{Franzen:2013up,
author = {Franzen, Axel and Vogl, Dominikus},
title = {{Zeitpr{\"a}ferenzen und Umweltbewusstsein. Analysen mit dem Schweizer ISSP}},
journal = {Schweizerische Zeitschrift f{\"u}r Soziologie},
year = {2013},
volume = {39},
number = {3},
pages = {37--60}
}

@misc{EnvironmentalPerfor:gGXLmDmF,
title = {{Environmental Performance Index}}
}

@webpage{Bianco:2013uv,
author = {Bianco, Nicholas and Litz, Franz and Meek, Kristin and Gasper, Rebecca},
title = {{Can The U.S. Get There From Here?Using Existing Federal Laws and State Action to Reduce Greenhouse Gas Emissions}},
year = {2013},
url = {http://pdf.wri.org/can_us_get_there_from_here_full_report.pdf}
}

@article{Condon:2006wu,
author = {Condon, Lorena and Ferrando, Pere J and Demestre, Josep},
title = {{Personality and Individual Differences : A note on some item characteristics related to acquiescent responding}},
journal = {Personality and Individual Differences},
year = {2006}
}

@booklet{Demmig:2004ta,
title = {{Jetzt lerne ich LaTeX 2: Komplettes Starterkit f{\"u}r den einfachen Einstieg in das Satzsystem}},
author = {Demmig, Thomas},
howpublished = {Markt + Technik Verlag},
address = {M{\"u}nchen},
year = {2004}
}

@article{Tong:2007vz,
author = {Tong, Y},
title = {{Bureaucracy meets the environment: elite perceptions in six Chinese cities}},
journal = {The China Quarterly},
year = {2007},
volume = {189},
pages = {100--121}
}

@article{King:2004tq,
author = {King, G and Murray, CJL and Salomon, JA and Tandon, A},
title = {{Enhancing the validity and cross-cultural comparability of measurement in survey research}},
journal = {American political science review},
year = {2004},
volume = {97},
number = {04},
pages = {567--583},
annote = {Note shttp://gking.harvard.edu/files/vign.pdf
}
}

@article{Imai:2008wg,
author = {Imai, K and King, G and Lau, O},
title = {{Toward a common framework for statistical analysis and development}},
journal = {Journal of Computational and Graphical Statistics},
year = {2008},
volume = {17},
number = {4},
pages = {892--913}
}

@article{MarquartPyatt:2008wj,
author = {Marquart-Pyatt, Sandra T},
title = {{Are There Similar Sources of Environmental Concern? Comparing Industrialized Countries}},
year = {2008},
volume = {89},
number = {5},
pages = {1312--1335}
}

@article{Slovic:1987uu,
author = {Slovic, Paul},
title = {{Perception of Risk}},
journal = {Science, New Series},
year = {1987},
volume = {236},
number = {4799},
pages = {280--285},
month = apr
}

@book{Haan:2013vc,
author = {Haan, Peter de and Zah, Rainer},
title = {{Chancen und Risiken der Elektromobilit{\"a}t}},
publisher = {vdf Hochschulverlag AG},
year = {2013},
address = {Z{\"u}rich}
}

@article{Haanpaa:2007vp,
author = {Haanp{\"a}{\"a}, Leena},
title = {{The colour green: a structural approach to the environment-consumption nexus‎}},
journal = {Publications of the Turku School or Economics},
year = {2007},
pages = {176}
}

@article{Liere:1980ua,
author = {Van Liere, Kent D. and Dunlap, Riley E.},
title = {{The Social Bases of Environmental Concern: A Review of Hypotheses, Explanations and Empirical Evidence}},
year = {1980},
volume = {44},
number = {2},
pages = {181--197},
month = jul
}

@article{Meyer:1997co,
author = {Meyer, John and Hironaka, Ann and Schofer, Evan and Tuma, Nancy},
title = {{The Structuring of a World Environmental Regime, 1870{\&}{\#}8211;1990}},
journal = {International Organization},
year = {1997},
volume = {51},
number = {04},
pages = {623--651}
}

@book{manski_identification_1995,
title = {{Identification Problems in the Social Sciences}},
year = {1995},
address = {Cambridge}
}

@article{kuhn_einfuehrung_2006,
title = {{Einfuehrung in die Statistiksoftware STATA}},
journal = {Miscellaneous},
year = {2006},
annote = {{KuhARufO2006a}}
}

@article{menges_statistische_1976,
title = {{Statistische Dualismen}},
year = {1976},
volume = {6},
pages = {434--445}
}

@book{beck_risk_1992,
author = {Beck, Ulrich},
title = {{Risk Society: Towards a New Modernity}},
publisher = {SAGE Publications},
year = {1992},
address = {London},
annote = {{BecU1992a}}
}

@article{kuckartz_umweltbewusstsein_2003,
author = {Kuckartz, Udo and Grunenberg, Heiko},
title = {{Umweltbewusstsein im Wandel. Ergebnisse der UBA-Studie Umweltbewusstsein in Deutschland 2002}},
journal = {Opladen: Leske und Budrich},
year = {2003}
}

@article{johnson_relation_2005,
author = {Johnson, Timothy and Kulesa, Patrick and Llc, Isr and Cho, Young Ik and Shavitt, Sharon},
title = {{The Relation Between Culture and Response Styles}},
journal = {Journal of Cross-Cultural Psychology},
year = {2005},
volume = {36},
number = {2},
pages = {264--277}
}

@book{weber_wirtschaft_2006,
title = {{Wirtschaft und Gesellschaft}},
year = {2006},
volume = {Hauptwerke der gro{\ss}en Denker},
address = {Paderborn}
}

@article{welkenhuysen-gybels_adjustment_2003,
author = {Welkenhuysen-Gybels, Jerry and Billiet, Jaak and Cambr{\'e}, Bart},
title = {{Adjustment for Acquiescence in the Assessment of the Construct Equivalence of Likert-Type Score Items}},
journal = {Journal of Cross-Cultural Psychology},
year = {2003},
volume = {34},
number = {6},
pages = {702--722}
}

@article{hammar_what_2007,
author = {Jagers, Sverker C},
title = {{What is a fair CO2 tax increase? On fair emission reductions in the transport sector}},
year = {2007},
volume = {61},
number = {2-3},
pages = {377--387},
annote = {{HamHJagS2007a}}
}

@article{montgomery_formalization_2003,
title = {{A Formalization and Test of the Religious Economies Model}},
year = {2003},
volume = {68},
number = {5},
pages = {782--809}
}

@book{bea_stochastisches_1994,
title = {{Stochastisches Denken: Analysen aus kognitionspsychologischer und didaktischer Perspektive}},
year = {1994},
address = {Frankfurt am Main u.a.},
annote = {Bd. 6 {BeaW1994a}}
}

@article{wackernagel_tracking_2002,
title = {{Tracking the ecological overshoot of the human economy}},
year = {2002},
volume = {99},
number = {14},
pages = {9266--9271},
annote = {{WacMetal2002a}}
}

@book{feyerabend_erkenntnis_1981,
title = {{Erkenntnis f{\"u}r freie Menschen}},
year = {1981},
address = {Frankfurt am Main}
}

@article{johansson_measuring_1997,
title = {{Measuring the Long-Run Fuel Demand of Cars: Separate Estimations of Vehicle Stock, Mean Fuel Intensity, and Mean Annual Driving Distance}},
year = {1997},
volume = {31},
number = {3},
pages = {277--292},
annote = {{JohOSchL1997a}}
}

@book{laplace_essai_1814,
title = {{Essai philosophique sur les probabilit{\'e}s}},
year = {1814},
address = {Br{\"u}ssel}
}

@article{cialdini_crafting_2003,
author = {Cialdini, R B},
title = {{Crafting normative messages to protect the environment}},
journal = {Current directions in psychological science},
year = {2003},
volume = {12},
number = {4},
pages = {105}
}

@article{Pampel:2011cx,
author = {Pampel, Fred C.},
title = {{Support for Nuclear Energy in the Context of Climate Change: Evidence From the European Union}},
journal = {Organization {\&} Environment},
year = {2011},
volume = {24},
number = {3},
pages = {249--268},
month = nov
}

@article{european_commission_europeans_2009,
title = {{Europeans' attitudes towards the issue of sustainable consumption and production: Analytical report}},
year = {2009},
annote = {{EurC2009a}}
}

@article{vogl_was_2007,
author = {Vogl, Dominikus},
title = {{Was ist m{\"o}glich? Empirische Sozialforschung zwischen Wissenschafts- und Wahrscheinlichkeitstheorie}},
year = {2007},
annote = {{VogD2007a}}
}

@article{mises_grundlagen_1919,
title = {{Grundlagen der Wahrscheinlichkeitsrechnung}},
year = {1919},
volume = {5},
pages = {52--99}
}

@book{topitsch_logik_1968,
title = {{Logik der Sozialwissenschaften}},
year = {1968},
address = {K{\"o}ln},
annote = {{TopE1968a}}
}

@article{stark_religion_1996,
title = {{Religion, Science, and Rationality}},
year = {1996},
volume = {86},
number = {2},
pages = {433--437}
}

@article{bundesamt_fuer_umwelt_bafu_emissionen_2009,
title = {{Emissionen nach CO2-Gesetz und Kyoto- Protokoll}},
journal = {Miscellaneous},
year = {2009}
}

@book{podobnik_global_2006,
title = {{Global Energy Shifts: Fostering Sustainability in a Turbulent Age}},
year = {2006},
address = {Philadelphia},
annote = {{PodB2006a}}
}

@article{manski_impact_1992,
title = {{The Impact of Sociological Methodology on Statistical Methodology: Comment}},
year = {1992},
volume = {Vol. 7},
number = {No. 2},
pages = {201--203}
}

@article{costantini_panel-cadf_2007,
title = {{A Panel-CADF Test for Unit Roots}},
year = {2007}
}

@book{carnap_statistische_1970,
title = {{Statistische und induktive Wahrscheinlichkeit}},
year = {1970},
address = {K{\"o}ln - Berlin},
annote = {Philosophenbib: {CC3500} K94}
}

@book{hofstede_lokales_2006,
author = {Hofstede, Geert H},
title = {{Lokales Denken, globales Handeln: Kulturen, Zusammenarbeit und Management}},
year = {2006}
}

@article{manski_identification_2003,
title = {{Identification Problems in the Social Sciences and Everyday Life}},
year = {2003},
volume = {Vol. 70},
number = {No. 1},
pages = {11--21}
}

@article{berger_wer_2004,
title = {{"Wer verdient wie viel?": Eine Analyse des Verdienstes von M{\"u}nchner Soziologieabsolventen}},
year = {2004},
volume = {27. Jg.},
number = {2},
pages = {133--154},
annote = {15 {BerRKriP2004a}}
}

@book{nassehi_geschlossenheit_2003,
title = {{Geschlossenheit und Offenheit: Studien zur Theorie der modernen Gesellschaft}},
year = {2003},
address = {Frankfurt am Main}
}

@article{durkin_model_1991,
title = {{A Model of Religious Choice Under Uncertainty: On Responding Rationally to the Nonrational}},
year = {1991},
volume = {3},
number = {2},
pages = {178--196}
}

@article{dietz_effects_1997,
author = {Dietz, Thomas and Rosa, Eugene A},
title = {{Effects of population and affluence on CO2 emissions}},
year = {1997},
volume = {94},
number = {1},
pages = {175--179},
annote = {{PMID:} 8990181 {PMCID:} 19273}
}

@book{luhmann_politische_1981,
title = {{Politische Theorie im Wohlfahrtsstaat}},
year = {1981},
address = {M{\"u}nchen}
}

@article{smith_acquiescent_2004,
author = {Smith, Peter B},
title = {{Acquiescent Response Bias as an Aspect of Cultural Communication Style}},
journal = {Journal of Cross-Cultural Psychology},
year = {2004},
volume = {35},
number = {1},
pages = {50--61}
}

@techreport{schahn_konstruktion_1999,
author = {Schahn, Joachim and Damian, Marinella and Schurig, Uta and F{\"u}chsle, Christina},
title = {{Konstruktion und Evaluation der dritten Version des Skalensystems zur Erfassung des Umweltbewusstseins (SEU-3)}},
institution = {Heidelberg},
year = {1999},
number = {923}
}

@article{basso_automobile_2007,
title = {{Automobile Fuel Demand: A Critical Assessment of Empirical Methodologies}},
year = {2007},
volume = {27},
number = {4},
pages = {449--484},
annote = {{BaLOuT2007a}}
}

@book{reusswig_changing_2005,
author = {Reusswig, F and Lotze-Campen, H and Gerlinger, K},
title = {{Changing Global Lifestyle and Consumption Patterns: the case of energy and food}},
year = {2005},
address = {Hyderabad, India}
}

@article{ellsberg_risk_1963,
title = {{Risk, Ambiguity, and the Savage Axioms: Reply}},
year = {1963},
volume = {Vol. 77},
number = {No. 2},
pages = {336--342}
}

@article{clements_price_2008,
title = {{Price elasticities of demand are minus one-half}},
year = {2008},
volume = {99},
number = {3},
pages = {490--493},
annote = {{CleK2008a}}
}

@article{dunlap_global_1997,
author = {Dunlap, Riley E.},
title = {{Global Environmental Concern: An Anomaly for Postmaterialism}},
journal = {Social Science Q},
year = {1997},
volume = {78},
pages = {24--29},
annote = {{DunRMerA1997a}}
}

@book{segieth_fernand_2008,
title = {{Fernand L{\'e}ger - Joan Mir{\'o}: Aquarelle, Lithographien, Radierungen}},
year = {2008},
address = {Feldafing am Starnberger See}
}

@article{Watson:1992bo,
author = {Watson, Dorothy},
title = {{Correcting for Acquiescent Response Bias in the Absence of a Balanced Scale: An Application to Class Consciousness}},
journal = {Sociological Methods {\&} Research},
year = {1992},
volume = {21},
number = {1},
pages = {52--88},
month = aug
}

@book{popper_selbstbefreiung_1961,
title = {{Selbstbefreiung durch das Wissen}},
year = {1961},
address = {M{\"u}nchen},
annote = {{PopK6100}}
}

@article{romero-jordan_price_2010,
title = {{Price and income elasticities of demand for passenger transport fuels in Spain. Implications for public policies}},
year = {2010},
volume = {In Press, Corrected Proof}
}

@article{leung_strategies_2008,
author = {Leung, Kwok and Vijver, Fons JR van de},
title = {{Strategies for Strengthening Causal Inferences in Cross Cultural Research}},
journal = {International Journal of Cross Cultural Management},
year = {2008},
volume = {8},
number = {2},
pages = {145--169}
}

@book{haanpaeae_environmental_2006,
author = {Haanp{\"a}{\"a}, Leena},
title = {{Environmental Concern Worldwide: An Examination ot two-way thesis on Environmentalism and National Variation}},
year = {2006},
address = {Tampere}
}

@book{enders_applied_2004,
title = {{Applied Econometric Time Series}},
year = {2004},
volume = {Second Edition},
address = {New York}
}

@article{franzen_zug_1998,
author = {Franzen, Axel},
title = {{Zug oder Flug? Eine empirische Studie zur Verkehrsmittelwahl f{\"u}r innereurop{\"a}ische Reisen}},
year = {1998},
volume = {27},
number = {1},
pages = {53}
}

@article{kemmelmeier_values_2002,
author = {Kim, Young Hun},
title = {{Values, Economics, and Proenvironmental Attitudes in 22 Societies}},
year = {2002},
volume = {36},
number = {3},
pages = {256--285},
annote = {{{\textless}p{\textgreater}KemMetal2002a{\textless}/p{\textgreater}}}
}

@article{ross_socially-desirable_1984,
author = {Ross, Catherine E and Mirowsky, John},
title = {{Socially-Desirable Response and Acquiescence in a Cross-Cultural Survey of Mental Health}},
journal = {Journal of Health and Social Behavior},
year = {1984},
volume = {25},
number = {2},
pages = {189--197},
annote = {{\textless}p{\textgreater}http://www.jstor.org/stable/2136668{\textless}/p{\textgreater} {\textless}p{\textgreater} {\textless}/p{\textgreater}}
}

@article{rohwer_probleme_2007,
title = {{Probleme der Generalisierung statistischer Aussagen}},
journal = {Miscellaneous},
year = {2007},
annote = {{RohG2007a}}
}

@book{riemer_neue_1984,
title = {{Neue Ideen zur Stochastik}},
year = {1984},
volume = {Lehrb{\"u}cher und Monographien zur Didaktik der Mathemathik},
address = {Mannheim u. a.}
}

@article{greeley_americans_1999,
title = {{Americans' Increasing Belief in Life after Death: Religious Competition and Acculturation}},
year = {1999},
volume = {64},
number = {6},
pages = {813--835}
}

@article{brambor_understanding_2006,
title = {{Understanding Interaction Models: Improving Empirical Analyses}},
journal = {Political Analysis},
year = {2006},
volume = {14},
number = {1},
pages = {63--82},
annote = {{{\textless}p{\textgreater}BramTetal2006a{\textless}/p{\textgreater}}}
}

@book{camerer_behvioral_2003,
title = {{Behvioral Game Theory: Experiments in Strategic Interaction}},
year = {2003},
address = {New Jersey},
annote = {{CamC2003a}}
}

@article{Kankaras:2011dl,
author = {Kankaras, M and Vermunt, J K and Moors, G},
title = {{Measurement Equivalence of Ordinal Items: A Comparison of Factor Analytic, Item Response Theory, and Latent Class Approaches}},
journal = {Sociological Methods {\&} Research},
year = {2011},
volume = {40},
number = {2},
pages = {279--310},
month = may
}

@article{bonilla_fuel_2009,
title = {{Fuel demand on UK roads and dieselisation of fuel economy}},
year = {2009},
volume = {37},
number = {10},
pages = {3769--3778},
annote = {{BonD2009a}}
}

@book{diekmann_umweltbewusstsein_2008,
author = {Meyer, Reto},
title = {{Umweltbewusstsein, Umwelthandeln und {\"o}kologische Risiken}},
year = {2008},
address = {Z{\"u}rich}
}

@book{meadows_grenzen_1972,
title = {{Die Grenzen des Wachstums}},
year = {1972},
address = {Stuttgart},
annote = {{MeaDetal1972a}}
}

@book{ellsberg_risk_2001,
author = {Ellsberg, Daniel},
title = {{Risk, Ambiguity and Decision}},
publisher = {Garland},
year = {2001},
address = {New York}
}

@proceedings{leisch_sweave:_2002,
title = {{Sweave: Dynamic Generation of Statistical Reports Using Literate Data Analysis}},
year = {2002},
annote = {{ISBN} 3-7908-1517-9 {{\textless}p{\textgreater}To} cite Sweave please use the paper describing the first version:{\textless}/p{\textgreater}}
}

@incollection{dunlap_environmental_2002,
author = {Dunlap, Riley E. and Jones, Robert E},
title = {{Environmental concern: Conceptual and measurement issues}},
year = {2002},
editor = {Dunlap, Riley E.},
pages = {482--524},
organization = {Westport},
publisher = {Handbook of Environmental Sociology},
address = {Westport, CT},
annote = {{DunRJonR2002a}}
}

@article{mielck_soziale_2002,
author = {Mielck, A and Heinrich, J},
title = {{Soziale Ungleichheit und die Verteilung umweltbezogener Expositionen (Environmental Justice)*}},
journal = {Das Gesundheitswesen},
year = {2002},
volume = {64},
number = {07},
pages = {405--416}
}

@article{diekmann_wealth_1999,
author = {Franzen, Axel},
title = {{The Wealth of Nations and Environmental Concern}},
journal = {Environment and Behavior},
year = {1999},
volume = {31},
number = {4},
pages = {540--549},
annote = {{DieAFraA1999a}}
}

@book{kuhn_struktur_1976,
title = {{Die Struktur wissenschaftlicher Revolutionen}},
year = {1976},
address = {Frankfurt a. M.}
}

@article{wall_comparing_2007,
author = {Wall, Rob and Devine-Wright, Patrick and Mill, Greig A},
title = {{Comparing and Combining Theories to Explain Proenvironmental Intentions}},
journal = {Environment and Behavior},
year = {2007},
volume = {39},
number = {6},
pages = {731--753}
}

@article{cumming_replication_2008,
title = {{Replication and p Intervals: p Values Predict the Future Only Vaguely, but Confidence Intervals Do Much Better}},
year = {2008},
volume = {3},
number = {4},
pages = {286--300},
annote = {{CumG2008a}}
}

@article{tol_marginal_2005,
author = {Tol, ichard SJ},
title = {{The marginal damage costs of carbon dioxide emissions: an assessment of the uncertainties}},
year = {2005},
volume = {33},
number = {16},
pages = {2064--2074}
}

@book{schieder_unterschiede_1984,
title = {{Unterschiede zwischen historischer und sozialwissenschaftlicher Methode}},
year = {1984},
address = {K{\"o}nigstein/Ts.}
}

@article{abdel-khalek_income_1988,
title = {{Income and price elasticities of energy consumption in Egypt : A time-series analysis}},
year = {1988},
volume = {10},
number = {1},
pages = {47--58},
annote = {doi: {DOI:} 10.1016/0140-9883(88)90017-5}
}

@article{marquart-pyatt_environmental_2010,
author = {Marquart-Pyatt, Sandra T},
title = {{Environmental Sustainability.}},
journal = {International Journal of Sociology},
year = {2010},
volume = {40},
number = {2},
pages = {65--84},
annote = {This article investigates the driving forces of the ecological footprint {(EF)} and its six subcomponents to examine similarities in sources using a cross-national data set of more than 100 countries. Expectations from environmental impact, world-systems, and world-polity perspectives are incorporated in a model examining the institutional-level attributes driving national-level imprints on the biophysical environment. Results suggest that the structural factors driving ecological footprints differ across the {EF's} subcomponents and are similar for only one of its pieces, carbon uptake. Specifying alternative sets of predictors from previous research for three {EF} subcomponents offers support for a model specifying a set of simultaneous equations or seemingly unrelated regression models. These underlying processes, though driven by different structural influences, are linked with one another for the cross-national sample of countries examined here. {[ABSTRACT} {FROM} {AUTHOR]}}
}

@book{jann_einfuehrung_2002,
author = {Jann, Ben},
title = {{Einf{\"u}hrung in die Statistik}},
publisher = {Oldenbourg},
year = {2005},
address = {M{\"u}nchen},
edition = {2}
}

@article{franzen_umweltsoziologie_1997,
author = {Franzen, Axel},
title = {{Umweltsoziologie und Rational Choice: Das Beispiel der Verkehrsmittelwahl}},
journal = {Umweltpsychologie},
year = {1997},
volume = {2},
pages = {40--51}
}

@book{engelhardt_kausalanalysen_2006,
title = {{Kausalanalysen mit separaten und zusammengefassten Zeitreihen}},
year = {2006},
address = {Wiesbaden},
annote = {{EngH2006a}}
}

@article{gigerenzer_evolution_2004,
author = {Gigerenzer, Gerd},
title = {{Die Evolution des statistischen Denkens}},
journal = {Unterrichtswissenschaften - Zeitschrift f{\"u}r Lernforschung},
year = {2004},
volume = {32},
number = {1},
pages = {4--22}
}

@article{althoff_environmental_1977,
author = {Althoff, P and Greig, W H},
title = {{Environmental pollution control: Two views from the general population}},
journal = {Environment and Behavior},
year = {1977},
volume = {9},
number = {3},
pages = {441}
}

@book{klein_alles_2004,
title = {{Alles Zufall: Die Kraft, die unser Leben bestimmt}},
year = {2004},
volume = {Erste Auflage},
address = {Reinbeck}
}

@book{theisen_wissenschaftliches_2000,
title = {{Wissenschaftliches Arbeiten. Technik - Methodik - Form}},
publisher = {Vahlen},
year = {2008},
address = {M{\"u}nchen},
edition = {14. Auflage}
}

@article{borick_reason_2010,
author = {Borick, Christopher P and Rabe, Barry G},
title = {{A Reason to Believe: Examining the Factors that Determine Individual Views on Global Warming.}},
journal = {Social Science Quarterly (Blackwell Publishing Limited)},
year = {2010},
volume = {91},
number = {3},
pages = {777--800},
annote = {Objectives. In this article we examine the causes of both belief and disbelief in global warming among adult Americans. Methods. We use national- and state-level telephone surveys to collect data on individual-level beliefs regarding climate change and employ ordered logistical regression to measures the relative effect of various factors on those beliefs. Results. The study finds that {U.S.} views on climate change are being shaped by a combination of personal observations, meteorological events, and physical changes on the planet. The impact of various factors on one's belief in global warming are significantly determined by partisan affiliation, with Democrats and Republicans responding differently to assorted types of evidence. Conclusion. Beliefs regarding global warming are being shaped by individual experiences and weather phenomenon and the processing of such factors is substantially influenced by a person's partisan leanings. {[ABSTRACT} {FROM} {AUTHOR]}}
}

@article{lowe_theoretical_2003,
title = {{A theoretical analysis of price elasticity of energy demand in multi-stage energy conversion systems}},
year = {2003},
volume = {31},
number = {15},
pages = {1699--1704},
annote = {{LowR2003a}}
}

@article{Ambrose:2007bg,
author = {Ambrose, Maureen L and Arnaud, Anke and Schminke, Marshall},
title = {{Individual Moral Development and Ethical Climate: The Influence of Person--Organization Fit on Job Attitudes}},
journal = {Journal of Business Ethics},
year = {2007},
volume = {77},
number = {3},
pages = {323--333},
month = mar
}

@article{VanDender:2009uj,
author = {Van Dender, Kurt},
title = {{Energy policy in transport and transport policy}},
journal = {Energy Policy},
year = {2009},
volume = {37},
number = {10},
pages = {3854--3862},
annote = {doi: {DOI:} 10.1016/j.enpol.2009.07.008}
}

@book{braun_first_2007,
title = {{A First Course in Statistical Programming with R}},
year = {2007},
address = {Cambridge},
annote = {{BraJMurD2007a}}
}

@book{pareto_traite_1917,
title = {{Trait{\'e} de Sociologie G{\'e}n{\'e}rale}},
year = {1917},
address = {Lausanne-Paris},
annote = {{ParV1917a}}
}

@book{costanza_understanding_2002,
title = {{Understanding and Solving Environmental Problems in the 21st Century: Toward a new, integrated hard problem science}},
year = {2002},
address = {Oxford},
annote = {{CosRJorS2002a}}
}

@book{kant_metaphysische_1786,
title = {{Metaphysische Anfangsgr{\"u}nde der Naturwissenschaft}},
year = {1786},
address = {Riga}
}

@article{heinrich_daemmen_2009,
title = {{D{\"a}mmen, speichern, sparen}},
year = {2009},
annote = {{HeiC2009a}}
}

@article{brons_meta-analysis_2008,
title = {{A meta-analysis of the price elasticity of gasoline demand. A SUR approach}},
year = {2008},
volume = {30},
number = {5},
pages = {2105--2122},
annote = {{{\textless}p{\textgreater}BroMetal2008a{\textless}/p{\textgreater}}}
}

@article{tremblay_rural-urban_1977,
author = {Tremblay, K R Jr and Dunlap, Riley E.},
title = {{Rural-Urban Residence and Concern with Environmental Quality: A Replication and Extension.}},
year = {1977}
}

@book{liu_environmental_2001,
title = {{Environmental Justice Analyse: Theories, Methods, and Practice}},
year = {2001},
address = {Boca Raton},
annote = {{LiuF2001a}}
}

@article{Curtis:2004tv,
author = {Curtis, David D.},
title = {{International Education Journal}},
journal = {International Education Journal},
year = {2004}
}

@book{dahrendorf_pfade_1967,
title = {{Pfade aus Utopia: Arbeiten zur Theorie und Methode der Soziologie}},
year = {1967},
address = {M{\"u}nchen},
annote = {{DahR1974a}}
}

@book{keuth_karl_2007,
title = {{Karl Popper, Logik der Forschung}},
year = {2007},
address = {Berlin}
}

@article{kahnemann_anomalies:_1991,
author = {Thaler, Richard H},
title = {{Anomalies: The Endowment Effect, Loss Aversion and Status Quo Bias}},
year = {1991},
volume = {106},
pages = {193--206}
}

@article{york_demographic_2007,
author = {York, Richard},
title = {{Demographic trends and energy consumption in European Union Nations, 1960-2025}},
journal = {Social Science Research},
year = {2007},
volume = {36},
number = {3},
pages = {855--872}
}

@book{albert_bayesian_2007,
title = {{Bayesian Compution with R}},
year = {2007},
address = {New York},
annote = {copy full book}
}

@book{jackman_bayesian_2009,
author = {Jackman, Simon},
title = {{Bayesian analysis for the social sciences}},
year = {2009}
}

@book{Fahrmeir:2007uu,
author = {Thomas, Kneip and Lang, Stefan},
title = {{Regression: Modelle, Methoden und Anwendungen}},
publisher = {Springer},
year = {2007},
address = {Berlin}
}

@book{cochran_historiker_1984,
title = {{Historiker und Rollentheorie}},
year = {1984},
address = {K{\"o}nigstein/Ts.},
annote = {1976}
}

@article{hevey_consideration_2010,
author = {Hevey, D and Pertl, M and Thomas, K and Maher, L and Craig, A and Chuinneagain, S Ni},
title = {{Consideration of future consequences scale: Confirmatory Factor Analysis}},
journal = {Personality and Individual Differences},
year = {2010},
volume = {48},
number = {5},
pages = {654--657}
}

@article{schmidt_too_2009,
title = {{Too much of a bad thing}},
year = {2009},
volume = {458},
pages = {1117--1118}
}

@book{costanza_ecosystem_1992,
title = {{Ecosystem Health: New Goals for Environmental Management}},
year = {1992},
address = {Washington, D.C.},
annote = {{CosRetal1992a}}
}

@phdthesis{bosau_arbeitszufriedenheitsmessungen_2009,
author = {Bosau, Christian},
title = {{Arbeitszufriedenheitsmessungen im interkulturellen Vergleich}},
year = {2009},
address = {K{\"o}ln}
}

@proceedings{tanner_determinants_2009,
title = {{The Determinants of Energy Demand of the Swiss Private Transportation Sector}},
year = {2009}
}

@article{dickey_distribution_1979,
title = {{Distribution of the Estimators for Autoregressive Time Series with a Unit Root}},
journal = {Journal of the American Statistical Association},
year = {1979},
volume = {74},
pages = {427--431},
annote = {{DicDFulW1979a}}
}

@article{beckert_wirtschaftssoziologie_2009,
title = {{Wirtschaftssoziologie als Gesellschaftstheorie.}},
year = {2009},
volume = {38},
number = {3},
pages = {182--197},
annote = {{BecJ2009a}}
}

@book{feyerabend_wie_1970,
title = {{Wie wird man ein braver Empirist? Ein Aufruf zur Toleranz in der Erkenntnistheorie}},
year = {1970},
address = {K{\"o}ln - Berlin},
annote = {Philosophenbib: {CC3500} K94 copy}
}

@book{laplace_philosophischer_1932,
title = {{Philosophischer Versuch {\"u}ber die Wahrscheinlichkeit}},
year = {1932}
}

@article{gigerenzer_how_1995,
author = {Gigerenzer, Gerd and Hoffrage, Ulrich},
title = {{How to improve Bayesian reasoning without instruction: Frequency Formats}},
journal = {Psychological Review},
year = {1995},
volume = {Vol. 102},
number = {No. 4},
pages = {684--704}
}

@book{feyerabend_wissenschaft_1984,
title = {{Wissenschaft als Kunst}},
year = {1984},
address = {Frankfurt am Main},
annote = {{FeyP1984a}}
}

@article{creutzig_climate_????,
author = {Creutzig, Felix and He, Dongquan},
title = {{Climate change mitigation and co-benefits of feasible transport demand policies in Beijing}},
journal = {Transportation Research Part D: Transport and Environment},
year = {2009},
volume = {14},
number = {2},
pages = {120--131},
month = mar,
annote = {doi: {DOI:} 10.1016/j.trd.2008.11.007}
}

@article{manski_treatment_1999,
title = {{Treatment Choice under Ambiguity Induced by Inferential Problems}},
journal = {Miscellaneous},
year = {1999},
annote = {{2007/Okt/13}}
}

@article{dietz_driving_2007,
author = {Dietz, Thomas and Rosa, Eugene A and York, Richard},
title = {{Driving the human ecological footprint}},
journal = {Frontiers in Ecology and the Environment},
year = {2007},
volume = {5},
number = {1},
pages = {13--18},
month = feb
}

@article{davidson_gender_1996,
author = {Davidson, Debra J and Freudenburg, Willam R},
title = {{Gender and Environmental Risk Concerns: A Review and Analysis of Available Research}},
journal = {Environment and Behavior},
year = {1996},
volume = {28},
number = {3},
pages = {302--339},
month = may,
annote = {{DavDFreW1996a}}
}

@article{jann_tabulating_2010,
author = {Jann, Ben and Long, J Scott},
title = {{Tabulating SPost results using estout and esttab}},
journal = {Stata Journal},
year = {2010},
volume = {10},
number = {1},
pages = {46--60}
}

@book{costanza_ecological_1991,
title = {{Ecological Economics: The Science and Management of Sustainability}},
year = {1991},
address = {New York},
annote = {{CosR1991a}}
}

@book{finetti_wahrscheinlichkeitstheorie:_1981,
author = {de Finetti, Bruno},
title = {{Wahrscheinlichkeitstheorie: Einf{\"u}hrende Synthese mit kritischem Anhang}},
year = {1981},
address = {Wien M{\"u}nchen}
}

@article{meyer_structuring_1997,
author = {Meyer, John W and Frank, David John and Hironaka, Ann and Schofer, Evan and Tuma, Nancy Brandon},
title = {{The Structuring of a World Environmental Regime, 1870-1990}},
journal = {International Organization},
year = {1997},
volume = {51},
number = {4},
pages = {623--651}
}

@book{preisendaerfer_umwelteinstellungen_1999,
title = {{Umwelteinstellungen und Umweltverhalten in Deutschland: Empirische Befunde und Analysen auf der Grundlage der Bev{\"o}lkerungsumfragen "Umweltbewusstsein in Deutschland 1991-1998"}},
publisher = {Leske und Budrich},
year = {1999},
address = {Opladen},
annote = {{PreP1999a}}
}

@article{york_footprints_2003,
author = {York, Richard and Rosa, Eugene A and Dietz, Thomas},
title = {{Footprints on the Earth: The Environmental Consequences of Modernity}},
year = {2003},
volume = {68},
number = {2},
pages = {279--300},
annote = {{ArticleType:} research-article / Full publication date: Apr., 2003 / Copyright {\copyright} 2003 American Sociological Association Growing evidence demonstrating clear threats to the sustainability of the ecosystems supporting human societies has given rise to a variety of sociological theories of human-environment interactions. These environmental impact theories fall into three general perspectives: human ecology, modernization, and political economy. These theories, however, have not been empirically tested in a common analytic framework. Here, a framework that relies on ecological principles is adopted and modified. Using a revised stochastic formulation of that framework and the most comprehensive measure of environmental impact to date--the ecological footprint--the factors driving the environmental impacts of societies are assessed. The overall findings support the claims of human ecologists, partially support the claims of political economists, and contradict the claims of modernization theorists. Basic material conditions, such as population, economic production, urbanization, and geographical factors all affect the environment and explain the vast majority of cross-national variation in environmental impact. Factors derived from neo-liberal modernization theory, such as political freedom, civil liberties, and state environmentalism have no effect on impacts. Taken together, these findings suggest societies cannot be sanguine about achieving sustainability via a continuation of current trends in economic growth and institutional change.}
}

@article{gill_nonparametric_2009,
author = {Gill, Jeff and Casella, George},
title = {{Nonparametric Priors for Ordinal Bayesian Social Science Models: Specification and Estimation}},
journal = {Journal of the American Statistical Association},
year = {2009},
volume = {104},
number = {486},
pages = {453--454},
month = jun,
annote = {{GilJCasG2009a}}
}

@article{preisendaerfer_umweltengel_2001,
title = {{Der Umweltengel ist weiblich: Geschlechtsspezifische Unterschiede im Umweltbewusstsein und -verhalten}},
journal = {Politische {\"O}kologie},
year = {2001},
volume = {19},
number = {70},
pages = {35--36}
}

@article{meisenberg_are_2008,
author = {Meisenberg, Gerhard and Williams, Amandy},
title = {{Are acquiescent and extreme response styles related to low intelligence and education?}},
journal = {Personality and Individual Differences},
year = {2008},
volume = {44},
number = {7},
pages = {1539--1550}
}

@article{van_herk_response_2004,
author = {Herk, Hester van and Poortinga, Ype H and Verhallen, Theo M M},
title = {{Response Styles in Rating Scales}},
journal = {Journal of Cross-Cultural Psychology},
year = {2004},
volume = {35},
number = {3},
pages = {346--360}
}

@article{kraftfahrt-bundesamt_kba_fachartikel:_2009,
title = {{Fachartikel: Emissionen, Kraftstoffe}},
year = {2009},
annote = {{KBA2009a}}
}

@book{Ostrom:1990vx,
author = {Ostrom, Elinor},
title = {{Governing the Commons. The Evolution of Institutions for Collective Action}},
publisher = {Cambridge University Press},
year = {1990},
address = {Cambridge},
annote = {Deutsche {\"U}bersetzung 1999: Die Verfassung der Allmende: Jenseits von Staat und Markt, T{\"u}bingen: Mohr
}
}

@article{jackman_estimation_2000,
author = {Jackman, Simon},
title = {{Estimation and Inference via Bayesian Simulation: An Introduction to Markov Chain Monte Carlo}},
journal = {American Journal of Political Science},
year = {2000},
volume = {44},
number = {2},
pages = {375--404},
annote = {{ArticleType:} primary\_article / Full publication date: Apr., 2000 / Copyright {\copyright} 2000 Midwest Political Science Association}
}

@article{wuppertaler_institut_fuer_klima_sustainable_2009,
title = {{Sustainable Urban Infrastructure: Ausgabe M{\"u}nchen - Wege in eine CO2-freie Zukunft}},
journal = {Miscellaneous},
year = {2009},
annote = {{WIKUE0900}}
}

@book{popper_ich_1977,
title = {{Das Ich und sein Gehirn}},
year = {1977},
address = {M{\"u}nchen},
annote = {5}
}

@book{ramb_aekonomische_1993,
title = {{{\"O}konomische Verhaltenstheorie}},
year = {1993},
address = {M{\"u}nchen}
}

@article{clark_why_2005,
title = {{Why environmental scientists are becoming Bayesians}},
year = {2005},
volume = {8},
number = {1},
pages = {2--14},
annote = {{ClaJ2005a}}
}

@article{european_environmental_agency_eea_annual_2009,
title = {{Annual European Community greenhouse gas inventory 1990--2007 and inventory report 2009}},
year = {2009},
volume = {4},
annote = {{EEA2009a}}
}

@techreport{diekmann_gesellschaftliche_1999,
author = {Franzen, Axel and Hungerb{\"u}hler, Andrea and Schmith{\"u}sen, Franz and Wild-Eck, Stephan and Zimmermann, Willi},
title = {{Gesellschaftliche Anspr{\"u}che an den Schweizer Wald - Meinungsumfrage}},
institution = {Bern},
year = {1999},
number = {1021}
}

@book{popper_offene_1945,
title = {{Die offene Gesellschaft und ihre Feinde}},
year = {1945},
address = {T{\"u}bingen},
annote = {2 1945}
}

@article{franzen_swiss_2002,
author = {Franzen, Axel},
title = {{The Swiss Environmental Survey 1994}},
journal = {Journal of Applied Social Science Studies},
year = {2002},
volume = {122},
pages = {617--622}
}

@book{diekmann_empirische_2002,
title = {{Empirische Sozialforschung: Grundlagen, Methoden, Anwendungen}},
year = {2002},
address = {Hamburg}
}

@book{davidson_estimation_1993,
title = {{Estimation and Inference in Econometrics}},
year = {1993},
address = {New York},
annote = {{DavRMKiJ1993a}}
}

@article{manski_identification_2006,
title = {{Identification Problems in the Social Sciences and Life: lecture: Universit{\`a} Degli Studi Di Roma `Tor Vergata': May 24, 2006}},
journal = {Miscellaneous},
year = {2006},
annote = {{2007/Sep./01}}
}

@article{engel_zum_2004,
title = {{Zum Verst{\"a}ndnis von Zufall und Variabilit{\"a}t in empirischen Daten bei Sch{\"u}lern}},
year = {2004},
volume = {32},
number = {2},
pages = {169--191}
}

@article{grossmann_economic_1995,
title = {{Economic Growth and the Environment}},
year = {1995},
volume = {110},
pages = {353--377},
annote = {{GroGKruA1995a}}
}

@article{ramanathan_short-_1999,
title = {{Short- and long-run elasticities of gasoline demand in India: An empirical analysis using cointegration techniques}},
year = {1999},
volume = {21},
number = {4},
pages = {321--330},
annote = {{{\textless}p{\textgreater}RamR1999a{\textless}/p{\textgreater}}}
}

@article{haller_dispositions_2008,
title = {{Dispositions to Act in Favor of the Environment: Fatalism and Readiness to Make Sacrifices in a Cross-National Perspective}},
year = {2008},
volume = {23},
number = {2},
pages = {281--311},
month = jun,
annote = {{HalMHadM2008a}}
}

@book{weichselberger_elementare_2001,
title = {{Elementare Grundbegriffe einer allgemeineren Wahrscheinlichkeitsrechnung: Intervallwahrscheinlichkeit als umfassendes Konzept}},
year = {2001},
address = {Heidelberg}
}

@book{jann_diagnostik_2009,
author = {Jann, Ben},
title = {{Diagnostik von Regressionssch{\"a}tzungen bei kleinen Stichproben (mit einem Exkurs zu logistischer Regression)}},
year = {2009},
address = {Wiesbaden}
}

@article{manski_measuring_2004,
title = {{Measuring Expectations}},
year = {2004},
volume = {Vol. 72},
number = {No. 5},
pages = {1329--1376}
}

@article{byrne_cross-cultural_1999,
author = {Byrne, Barbara M and Campbell, T Leanne},
title = {{Cross-Cultural Comparisons and the Presumption of Equivalent Measurement and Theoretical Structure}},
journal = {Journal of Cross-Cultural Psychology},
year = {1999},
volume = {30},
number = {5},
pages = {555--574}
}

@book{lakatos_for_1999,
title = {{For and Against Method: Including Lakatos's lectures on scientific method and Lakatos-Feyerabend correspondence}},
year = {1999},
address = {Chicago}
}

@book{long_workflow_2009,
author = {Long, J Scott},
title = {{The Workflow of Data Analysis Using Stata}},
publisher = {StataCorp},
year = {2009}
}

@book{engelberg_comparing_2007,
title = {{Comparing the Point Predictions and Subjective Probability Distributions of Professional Forecasters}},
year = {2007},
volume = {Working Paper 11978}
}

@article{meyer_are_2010,
author = {Meyer, Reto and Liebe, Ulf},
title = {{Are the affluent prepared to pay for the planet? Explaining willingness to pay for public and quasi-private environmental goods in Switzerland}},
journal = {Population and Environment},
year = {2010},
volume = {32},
number = {1},
pages = {42--65}
}

@article{kopf_wahl_2007,
title = {{Wahl der Stichprobengr{\"o}{\ss}e bei ausgew{\"a}hlten, multivariaten Maximum-Likelihood basierten Sch{\"a}tzverfahren in der Soziologie: Eine Monte-Carlo Simulation}},
year = {2007},
annote = {{KopJ2007a}}
}

@book{weber_wissenschaft_1995,
title = {{Wissenschaft als Beruf}},
year = {1995},
address = {Stuttgart},
annote = {{WebM1995a}}
}

@article{neumayer_we_2002,
title = {{Do we Trust the Data? On the Validity and Reliability of Cross-National Environmental Surveys}},
year = {2002},
volume = {83},
number = {1},
pages = {332--340},
annote = {{NeuE2002a}}
}

@article{israel_willingness_2004,
title = {{Willingness to Pay for Environmental Quality: Testable Empirical Implications of the Growth and Environment Literature}},
year = {2004},
volume = {3},
number = {1-29}
}

@book{bortz_statistik_2005,
title = {{Statistik f{\"u}r Human- und Sozialwissenschaftler}},
year = {2005},
address = {Heidelberg},
annote = {{BorJ2005a}}
}

@article{buob_global_2008,
title = {{Global Climate Change and the Funding of Adaptation}},
journal = {Miscellaneous},
year = {2008}
}

@book{popper_offene_1992,
title = {{Die offene Gesellschaft und ihre Feinde}},
year = {1992},
volume = {Falsche Propheten. Hegel, Marx und die Folgen},
address = {T{\"u}bingen}
}

@book{behrens_ueberall_1994,
title = {{{\"U}berall Zufall: Eine Einf{\"u}hrung in die Wahrscheinlichkeitsrechnung f{\"u}r belastbare Anf{\"a}nger}},
year = {1994},
address = {Mannheim; Leipzig; Wien; Z{\"u}rich},
annote = {{BehE1994a}}
}

@article{lautmann_editorial:_1996,
title = {{Editorial: Das Nebenfach par excellence? Soziologie in fremden Disziplinen}},
year = {1996},
volume = {96},
number = {3},
pages = {4}
}

@article{frank_nation-state_2000,
author = {Frank, David John and Hironaka, Ann and Schofer, Evan},
title = {{THE NATION-STATE AND THE NATURAL ENVIRONMENT OVER THE TWENTIETH CENTURY.}},
year = {2000},
volume = {65},
number = {1},
pages = {96--116},
annote = {National activities to protect the natural environment are on the rise. Conventional explanations of the phenomenon emphasize domestic processes, set in motion by environmental degradation and economic affluence. We propose instead a top-down causal imagery that hinges on a global redefinition of the "nation-state" to include environmental protection as a basic state responsibility. We test our view using event-history analyses of five indicators of environmentalization: the proliferation of (1) national parks, (2) chapters of international environmental associations, (3) memberships in intergovernmental environmental organizations, (4) environmental impact assessment laws, and (5) environmental ministries in countries around the world over the twentieth century. For all five measures, the top-down global explanation proves stronger than the bottom-up domestic alternative: The global institutionalization of the principle that nation-states bear responsibility for environmental protection drives national activities to protect the environment. This is especially true in countries with dense ties to world society and prolific "receptor sites," even when controlling for domestic degradation and affluence. It appears that blueprints of nation-state environmentalization, which themselves become more universalistic over time, are drawn in world society before being diffused to and enacted by individual countries. {[ABSTRACT} {FROM} {AUTHOR]}}
}

@article{rudolph_political_2005,
author = {Rudolph, Thomas J and Evans, Jillian},
title = {{Political Trust, Ideology, and Public Support for Government Spending}},
journal = {American Journal of Political Science},
year = {2005},
volume = {49},
number = {3},
pages = {660--671}
}

@article{best_structural_2009,
author = {Best, Henning},
title = {{Structural and Ideological Determinants of Household Waste Recycling: Results from an Empirical Study in Cologne, Germany}},
year = {2009},
volume = {4},
number = {2},
pages = {167--190},
annote = {{BesH2009b}}
}

@article{strathman_consideration_1994,
author = {Strathman, Alan and Gleicher, Faith and Boninger, David S and Edwards, CScott},
title = {{The Consideration of Future Consequences: Weighing Immediate and Distant Outcomes of Behavior}},
journal = {Journal of Personality and Social Psychology},
year = {1994},
volume = {66},
number = {4},
pages = {742--752}
}

@book{hofstede_cultures_2001,
author = {Hofstede, Geert H},
title = {{Culture's Consequences. Comparing Values, Behaviors, Institutions and Organizations Across Nations}},
publisher = {SAGE Publications},
year = {2001},
address = {Thousand Oaks, CA}
}

@article{kriesi_mobilization_1993,
title = {{Mobilization potential for environmental protest}},
year = {1993},
volume = {9},
number = {2},
pages = {155--172}
}

@book{luhmann_politik_2000,
title = {{Die Politik der Gesellschaft}},
year = {2000},
address = {Frankfurt am Main}
}

@article{stern_information_1999,
author = {Stern, Paul C},
title = {{Information, incentives, and proenvironmental consumer behavior}},
journal = {Journal of Consumer Policy},
year = {1999},
volume = {22},
number = {4},
pages = {461--478}
}

@article{duroy_testing_2008,
title = {{Testing the affluence hypothesis: A cross-cultural analysis of the determinants of environmental action}},
year = {2008},
volume = {45},
pages = {419--439},
annote = {{DurQ0800}}
}

@article{gatersleben_measuremnet_2002,
author = {Vlek, Charles},
title = {{Measuremnet and Determinants of Environmentally Significant Consumer Behavior}},
journal = {Environment and Behavior},
year = {2002},
volume = {34},
number = {3},
pages = {335--365}
}

@book{monnet_erinnerungen_1980,
title = {{Erinnerungen eines Europ{\"a}ers}},
year = {1980},
address = {M{\"u}nchen}
}

@article{ester_determinants_1982,
title = {{Determinants of Individual Environmental Behaviour: An Outline of a Behavioural Model and Some Research Findings}},
year = {1982},
volume = {18},
pages = {57--94}
}

@article{breen_mixture_2010,
title = {{Mixture Models for Ordinal Data}},
journal = {Sociological Methods {\&} Research},
year = {2010}
}

@book{gilboa_uncertainty_2004,
title = {{Uncertainty in Economic Theory; Essays in Honor of David Schmeidler's 65th birthday}},
year = {2004},
address = {London [u.a.]}
}

@book{barrow_impossibility:_1998,
title = {{Impossibility: The Limits of Science and the Science of Limits}},
year = {1998},
address = {Oxford},
annote = {copy full book}
}

@article{heineck_determinants_2001,
title = {{The determinants of church attendance and religious human capital in Germany: Evidence from panel data}},
year = {2001},
volume = {263}
}

@phdthesis{rosar_physische_2009,
title = {{Physische Attraktivit{\"a}t und soziale Ungleichheit: Ein Forschungsprogramm}},
year = {2009},
address = {K{\"o}ln}
}

@article{gerhards_european_2006,
title = {{The European Union's ecological script and its acceptance by the citizens of the EU member and candidate countries}},
year = {2006},
volume = {35},
number = {1},
pages = {24--40},
annote = {{ISI:000236041500003}}
}

@article{oreg_predicting_2006,
title = {{Predicting proenvironmental behavior cross-nationally - Values, the theory of planned behavior, and value-belief-norm theory}},
journal = {Environment and Behavior},
year = {2006},
volume = {38},
number = {4},
pages = {462--483}
}

@article{zimbardo_putting_1999,
author = {Zimbardo, Philip G and Boyd, John N},
title = {{Putting time in perspective: A valid, reliable individual-differences metric}},
journal = {Journal of Personality and Social Psychology},
year = {1999},
volume = {77},
number = {6},
pages = {1271--1288}
}

@book{borovcnik_stochastik_1992,
title = {{Stochastik im Wechselspiel von Intuitionen und Mathematik}},
year = {1992},
address = {Mannheim},
annote = {10 {BorM1992a}}
}

@article{kocka_thesen_2001,
title = {{Thesen zur Geschichte und Zukunft der Arbeit}},
year = {2001},
volume = {B21/2001},
pages = {8--13}
}

@article{dunlap_weltweites_1996,
author = {Dunlap, Riley E.},
title = {{Weltweites Umweltbewusstsein: Eine Herausforderung f{\"u}r die sozialwissenschaftliche Theorie}},
journal = {K{\"o}lner Zeitschrift f{\"u}r Soziologie und Sozialpsychologie},
year = {1996},
volume = {Sonderheft 36},
pages = {193--218},
annote = {{{\textless}p{\textgreater}DunRMerA1996a{\textless}/p{\textgreater}}}
}

@book{finke_consequences_1996,
title = {{The Consequences of Religious Competition. The Supply-side Explanations for Religious Change}},
year = {1996},
address = {New York/London}
}

@book{gigerenzer_reconing_2002,
author = {Gigerenzer, Gerd},
title = {{Reconing with Risk: Learning to live with uncertainty}},
year = {2002},
address = {Allen Lane}
}

@book{rohwer_wahrscheinlichkeit:_2002,
title = {{Wahrscheinlichkeit: Begriff und Rhetorik in der Sozialforschung}},
year = {2002},
address = {Weinheim und M{\"u}nchen}
}

@article{storchmann_impact_2001,
title = {{The impact of fuel taxes on public transport - an empirical assessment for Germany}},
year = {2001},
volume = {8},
number = {1},
pages = {19--28},
annote = {{StoK2001a}}
}

@article{MaydeuOlivares:2006kn,
author = {Maydeu-Olivares, Albert and Coffman, Donna L},
title = {{Random intercept item factor analysis.}},
journal = {Psychological Methods},
year = {2006},
volume = {11},
number = {4},
pages = {344--362}
}

@article{antweiler_is_2003,
title = {{Is Free Trade Good for the Environment?}},
year = {2003},
volume = {91},
pages = {877--908},
annote = {{AntWetal2003a}}
}

@article{whyte_paradoxes_2009,
title = {{Paradoxes of China's Economic Boom}},
year = {2009},
volume = {35},
number = {1},
pages = {371--392},
annote = {{WhyM2009a}}
}

@article{diekmann_power_2004,
title = {{The Power of Reciprocity: Fairness, Reciprocity, and Stakes in Variants of the Dictator Game}},
year = {2004},
volume = {48},
number = {4},
pages = {487--505}
}

@article{hinz_wer_2005,
title = {{Wer schlie{\ss}t was ab und was kommt danach?: Ergebnisse der M{\"u}nchner Absolventenbefragungen (1978-2000)}},
year = {2005},
volume = {34. Jg},
number = {Heft 2},
pages = {153--165}
}

@article{chen_effects_2011,
author = {Chen, Xiaodong and Peterson, M Nils and Hull, Vanessa and Lu, Chuntaian and Lee, Graise D and Hong, Dayong and Liu, Jianguo},
title = {{Effects of attitudinal and sociodemographic factors on pro-environmental behaviour in urban China}},
journal = {Environmental Conservation},
year = {2011},
pages = {1--8}
}

@article{rolle_estimation_1997,
title = {{Estimation of Swiss railway demand with computation of elasticities}},
year = {1997},
volume = {33},
number = {2},
pages = {117--127},
annote = {{RolJ1997a}}
}

@book{fahrmeir_statistik:_2001,
author = {Tutz, Gerhard},
title = {{Statistik: der Weg zur Datenanalyse}},
publisher = {Springer},
year = {2007},
address = {Berlin u.a.},
edition = {6. Auflage},
annote = {{FahLetal2001a}}
}

@article{read_what_1994,
title = {{What Do People Know About Global Climate Change? 2. Survey Studies of Educated Laypeople}},
journal = {Risk Analysis},
year = {1994},
volume = {14},
number = {6},
pages = {971--982}
}

@book{rohwer_probleme_2009,
title = {{Probleme der Generalisierung statistischer Aussagen}},
year = {2009}
}

@book{diekmann_schweizer_1995,
author = {Franzen, Axel},
title = {{Der Schweizer Umweltsurvey 1994. Codebuch}},
year = {1995},
address = {Neuchatel}
}

@book{greenbaum_taking_1995,
title = {{Taking Stock of Two Decades of Research on the Social Bases of Environmental Concern}},
year = {1995},
address = {North York},
annote = {{GreA1995a}}
}

@book{franzen_umweltbewusstsein_1997,
author = {Franzen, Axel},
title = {{Umweltbewusstsein und Verkehrsverhalten: Empirische Analysen zur Verkehrsmittelwahl und der Akzeptanz umweltpolitischer Massnahmen}},
year = {1997},
address = {Z{\"u}rich},
annote = {{FraA1997a}}
}

@book{dearing_human_2007-1,
title = {{Human - Environment Interactions: Learning from the Past}},
year = {2007},
address = {Cambridge, Massachusetts},
annote = {{DeaJ2007a}}
}

@book{russel_problem_1970,
title = {{Das Problem der Kausalit{\"a}t}},
year = {1970},
address = {K{\"o}ln - Berlin}
}

@book{carnap_induktive_1970,
title = {{Induktive Logik und Wissenschaft}},
year = {1970},
address = {K{\"o}ln - Berlin},
annote = {Philosophenbib: {CC3500} K94}
}

@article{ferrando_acquiescence_2010,
author = {Ferrando, Pere J and Lorenzo-Seva, Urbano},
title = {{Acquiescence as a source of bias and model and person misfit: A theoretical and empirical analysis}},
journal = {British Journal of Mathematical and Statistical Psychology},
year = {2010},
volume = {63},
number = {2},
pages = {427--448}
}

@article{Davidov:2011en,
author = {Davidov, Eldad},
title = {{Nationalism and Constructive Patriotism: A Longitudinal Test of Comparability in 22 Countries with the ISSP}},
journal = {International Journal of Public Opinion Research},
year = {2011},
volume = {23},
number = {1},
pages = {88--103},
month = mar
}

@article{york_paradox_2010,
author = {York, Richard},
title = {{The Paradox at the Heart of Modernity.}},
journal = {International Journal of Sociology},
year = {2010},
volume = {40},
number = {2},
pages = {6--22},
annote = {Copyright of International Journal of Sociology is the property of {M.E.} Sharpe Inc. and its content may not be copied or emailed to multiple sites or posted to a listserv without the copyright holder's express written permission. However, users may print, download, or email articles for individual use. This abstract may be abridged. No warranty is given about the accuracy of the copy. Users should refer to the original published version of the material for the full abstract. {(Copyright} applies to all Abstracts.)}
}

@article{Davidov:2010dv,
author = {Davidov, Eldad},
title = {{Testing for comparability of human values across countries and time with the third round of the European Social Survey}},
journal = {International Journal of Comparative Sociology},
year = {2010},
volume = {51},
number = {3},
pages = {171--191},
month = jun
}

@article{kremers_meta-analysis_2002,
title = {{A meta-analysis of price elasticities of transport demand in a general equilibrium framework}},
year = {2002},
volume = {19},
number = {3},
pages = {463--485},
annote = {{KreHetal2002a}}
}

@article{downs_up_1972,
author = {Downs, Anthony},
title = {{Up and down with ecology: The issue attention cycle}},
journal = {Public interest},
year = {1972},
volume = {28},
number = {1},
pages = {38--50}
}

@book{franzen_persaenliches_1998,
author = {Franzen, Axel},
title = {{Pers{\"o}nliches Umweltverhalten zwischen kollektivem Nutzen und individuellem Interesse}},
year = {1998},
address = {Z{\"u}rich und Chur}
}

@article{maloney_ecology:_1973,
author = {Maloney, Michael P and Ward, Michael P},
title = {{Ecology: Let's hear from the people: An Objective scale for the Measurement of Ecological Attitudes and Knowledge}},
journal = {American Psychologist},
year = {1973},
volume = {28},
number = {7},
pages = {583--586}
}

@article{engle_cointegration_1987,
title = {{Cointegration and Error Correction: Representation, Estimation, and Testing}},
year = {1987},
volume = {55},
pages = {251--276},
annote = {{EngRGraC1987a}}
}

@article{diekmann_demokratischer_2010,
author = {Meyer, Reto},
title = {{Demokratischer Smog? Eine empirische Untersuchung zum Zusammenhang zwischen Sozialschicht und Umweltbelastungen}},
journal = {K{\"o}lner Zeitschrift f{\"u}r Soziologie und Sozialpsychologie},
year = {2010},
volume = {63},
number = {3}
}

@article{kuckartz_tendenzen_2007,
author = {Kuckartz, Udo and Rheingans-Heintze, Anke},
title = {{Tendenzen der Umwelt- und Risikowahrnehmung in einer Zeit des Wertepluralismus. Vertiefungsstudie im Rahmen des Projektes ''Repr{\"a}sentativumfrage zu Umweltbewusstsein und Umweltverhalten im Jahr 2006''}},
journal = {Miscellaneous},
year = {2007},
annote = {{KucUetal2007a}}
}

@book{kohler_datenanalyse_2008,
title = {{Datenanalyse mit Stata}},
publisher = {Oldenbourg},
year = {2008},
address = {M{\"u}nchen},
edition = {2. Auflage},
annote = {{KohUKreF2008a}}
}

@article{fischer_where_2009,
author = {Fischer, Ronald},
title = {{Where Is Culture in Cross Cultural Research?}},
journal = {International Journal of Cross Cultural Management},
year = {2009},
volume = {9},
number = {1},
pages = {25--49}
}

@book{popper_was_1968,
title = {{Was ist Dialektik}},
year = {1968},
address = {K{\"o}ln - Berlin}
}

@book{savage_foundations_1954,
title = {{The Foundations of Statistics}},
year = {1954},
address = {New York}
}

@article{mckinley_unobserved_1992,
title = {{Unobserved Ability, Efficiency Wages, and Interindustry Wage Differentials}},
year = {1992},
volume = {107},
number = {4},
pages = {1421--1436}
}

@article{barro_religion_2003,
title = {{Religion and Economic Growth across Countries}},
year = {2003},
volume = {68},
number = {5},
pages = {760--781},
annote = {{BarRMcClR2003a}}
}

@book{diekmann_umweltsoziologie:_2001,
author = {Diekmann, Andreas and Preisendorfer, Peter},
title = {{Umweltsoziologie: Eine Einf{\"u}hrung}},
publisher = {Rowohlt},
year = {2001},
address = {Reinbek}
}

@article{liddle_long-run_????,
title = {{Long-run relationship among transport demand, income, and gasoline price for the US}},
volume = {14},
number = {2},
pages = {73--82},
annote = {{LidB2009a}}
}

@book{niederhauser_duden._2006,
title = {{Duden. Die schriftliche Arbeit - kurz gefasst: Eine Anleitung zum Schreiben von Belegarbeiten in Schule und Studium. Literatursuche, Materialsammlung und Manuskriptgestaltung mit vielen Beispielen}},
year = {2006}
}

@article{gill_semiparametric_2009,
title = {{Semiparametric Tools for Data Analysis}},
year = {2009}
}

@article{marquart-pyatt_concern_2007,
author = {Marquart-Pyatt, Sandra T},
title = {{Concern for the Environment Among General Publics: A Cross-National Study}},
journal = {Society and Natural Resources},
year = {2007},
volume = {20},
pages = {883--898},
annote = {{MarS2007a}}
}

@article{broadstock_quantifying_2009,
title = {{Quantifying the impact of exogenous non-economic factors on UK transport oil demand}},
year = {2009},
volume = {In Press, Corrected Proof},
annote = {{ProDHunL\_\_a}}
}

@article{wadud_equity_2008,
title = {{Equity analysis of personal tradable carbon permits for the road transport sector}},
year = {2008},
volume = {11},
number = {6},
pages = {533--544},
annote = {{WadZetal2008a}}
}

@book{broscheid_bayesianische_2009,
title = {{Bayesianische Ans{\"a}tze zur Analyse kleiner Fallzahlen}},
year = {2009},
address = {Wiesbaden},
annote = {{BroA2009a}}
}

@book{esselborn-krumbiegel_von_2004,
title = {{Von der Idee zum Text: Eine Anleitung zum wissenschaftlichen Schreiben}},
publisher = {Ferdinand Sch{\"o}ningh},
year = {2004},
address = {Z{\"u}rich},
annote = {{EssH2004a}}
}

@techreport{european_commission_20_2008,
title = {{20 20 by 2020: Europe's climate change opportunity}},
year = {2008},
number = {1117}
}

@book{merting_environmental_2002,
author = {Mertig, Angela G and Dunlap, Riley E. and Morrison, Denton E},
title = {{The Environmental Movement in the United States}},
year = {2002},
address = {Westport}
}

@article{wzb-mitteilungen_wege_2007,
title = {{Wege in den Arbeitsmarkt: Projektgruppe erforscht die ersten Schritte nach der Ausbildung}},
year = {2007},
volume = {Heft 117},
number = {September 2007}
}

@article{gill_insignificance_1999,
title = {{The Insignificance of Null Hypothesis Significance Testing}},
year = {1999},
volume = {52},
number = {3},
pages = {647--674},
annote = {{GilJ1999a}}
}

@book{pfister_little_2007,
title = {{Little Ice Age-type Impacts and the Mitigation of Social Vulnerablility to Climate in the Swiss Canton of Bern prior to 1800}},
year = {2007},
address = {Cambridge, Massachusetts},
annote = {{PfiC2007a}}
}

@book{fischer_examination_2009,
author = {Fischer, Ronald and Fontaine, J R J and Vijver, Fons J R Van de and Hemert, Dianne A Van},
title = {{An examination of acquiescent response styles in cross-cultural research}},
year = {2009},
address = {Athens}
}

@article{stephan_discounting_2006,
author = {M{\"u}ller-F{\"u}rstenberger, Georg},
title = {{Discounting The Global Climate When Technological Change is Endogenous}},
journal = {Diskussionsschriften},
year = {2006}
}

@book{krueger_erkenntnisprobleme_1970,
title = {{Erkenntnisprobleme der Naturwissenschaften: Texte zur Einf{\"u}hrung in die Philosophie der Wissenschaft}},
year = {1970},
address = {K{\"o}ln - Berlin}
}

@article{dahrendorf_betrachtungen_1959,
title = {{Betrachtungen zu einigen Aspekten der Gegnw{\"a}rtigen deutschen Soziologie}},
journal = {K{\"o}lner Zeitschrift f{\"u}r Soziologie und Sozialpsychologie},
year = {1959},
volume = {11},
pages = {132--153}
}

@article{camerer_effects_1999,
title = {{The Effects of Financial Incentives in Experiments: A Review and Capital-Labor-Production Framework}},
year = {1999},
volume = {19},
number = {1-3},
pages = {7--42},
annote = {{CamCRobH1999a}}
}

@book{mises_wahrscheinlichkeit_1972,
title = {{Wahrscheinlichkeit, Statistik und Wahrheit}},
year = {1972},
address = {Wien - New York}
}

@book{feyerabend_wissenschaftstheoretische_1978,
title = {{Der Wissenschaftstheoretische Realismus und die Autorit{\"a}t der Wissenschaften}},
year = {1978},
address = {Braunschweig/ Wiesbaden},
annote = {13 {FeyP1978a}}
}

@article{diekmann_persaenliches_1992,
author = {Preisendorfer, Peter},
title = {{Pers{\"o}nliches Umweltverhalten: Diskrepanzen zwischen Anspruch und Wirklichkeit}},
journal = {K{\"o}lner Zeitschrift f{\"u}r Soziologie und Sozialpsychologie},
year = {1992},
volume = {44},
number = {2},
pages = {226--251}
}

@book{inglehart_modernization_1997,
title = {{Modernization and Postmodernization: Cultural, Economic, and Political Change in 43 Societies}},
publisher = {Princeton University Press},
year = {1997},
address = {Princeton, NJ}
}

@book{diekmann_einsicht_1997,
author = {Franzen, Axel},
title = {{Einsicht in {\"o}kologische Zusammenh{\"a}nge und Umweltverhalten}},
year = {1997},
address = {Berlin},
annote = {{DieAFraA1997a}}
}

@book{van_de_vijver_methods_1997,
author = {Van de Vijver, Fons J R and Leung, Kwok},
title = {{Methods and Data Analysis for Cross-Cultural Research}},
year = {1997},
address = {Thousand Oaks, CA}
}

@article{iannaccone_consequences_1991,
title = {{The Consequences of Religious Market Structure: Adam Smith and the Economics of Religion}},
year = {1991},
volume = {3},
number = {2},
pages = {156--177}
}

@book{schnell_methoden_1999,
title = {{Methoden Der Empirischen Sozialforschung}},
year = {1999},
address = {M{\"u}nchen}
}

@book{costanza_einfuehrung_2001,
title = {{Einf{\"u}hrung in die {\"O}kologische {\"O}konomik}},
publisher = {Lucius {\&} Lucius},
year = {2001},
address = {Stuttgart},
annote = {Originaltitel: An Introduction to Ecological Economics}
}

@article{prasnikar_binary_1993,
title = {{Binary Lottery Payoffs: Do They Control Risk Aversion?}},
journal = {Miscellaneous},
year = {1993},
annote = {6/3/2008}
}

@book{krohn_selbstorganisation_1989,
title = {{Die Selbstorganisation der Wissenschaft}},
year = {1989},
address = {Frankfurt a.M}
}

@article{dunlap_globalization_2008,
author = {Dunlap, Riley E. and York, Richard},
title = {{The Globalization of Environmental Concern and the Limits of the Postmaterialist Values Explanation: Evidence from Four Multinational Surveys}},
year = {2008},
volume = {49},
pages = {529--563}
}

@book{hacking_emergence_1975,
title = {{The Emergence of Probability: A Philosophical Study of Early Ideas about Probability, Induction and Statistical Inference}},
year = {1975},
address = {Cambridge}
}

@article{rockstrom_planetary_2009,
title = {{Planetary Boundaries: Exploring the safe operating space for humanity}},
year = {2009},
volume = {In Press 14th September}
}

@article{montgomery_dynamics_1996,
title = {{Dynamics of the Religious Economy. Exit, Voice and Denominational Secularization}},
year = {1996},
volume = {8},
number = {1},
pages = {81--110}
}

@book{bechtel_verdienststrukturen_2007,
title = {{Verdienststrukturen in Baden-W{\"u}rttemberg: Eine empirische Analyse mit Hilfe von Quantilsregressionen}},
year = {2007},
volume = {3}
}

@article{brachinger_statistik_2007,
title = {{Statistik zwischen L{\"u}ge und Wahrheit: Zum Wirklichkeitsbezug wirtschafts- und sozialstatistischer Aussagen}},
year = {2007},
number = {1},
pages = {5--26},
annote = {{BraH2007a}}
}

@book{gaettert_kleine_2002,
title = {{Kleine Schreibschule f{\"u}r Studierende}},
publisher = {Fink Verlag},
year = {2002},
address = {M{\"u}nchen},
edition = {2. Auflage}
}

@book{hanushek_adolescent_1993,
title = {{Adolescent Econometricians: How Do Youth Infer the Returns of Schooling? Comment}},
year = {1993},
address = {Chicago}
}

@article{diekmann_umwelthandeln_1996,
author = {Franzen, Axel},
title = {{Umwelthandeln zwischen Moral und {\"O}konomie}},
journal = {Pressestelle der Universit{\"a}t Bern (Hrsg.). Kluft zwischen Umweltbewusstsein und Umweltverhalten. Unipress},
year = {1996},
volume = {85},
pages = {7--10}
}

@book{wackernagel_our_1996,
title = {{Our Ecological Footprint: Reducing Human Impact on the Earth}},
year = {1996},
address = {Cabriola Island},
annote = {{WacMReeW1996a}}
}

@article{jann_making_2005,
author = {Jann, Ben},
title = {{Making regression tables from stored estimates}},
journal = {Stata Journal},
year = {2005},
volume = {5},
number = {3},
pages = {288}
}

@book{van_de_vijver_multilevel_2008,
author = {Vijver, F JR Van de and Hemert, Dianne A Van and Poortinga, Y H},
title = {{Multilevel analysis of individuals and cultures}},
year = {2008}
}

@book{baumol_economics_1979,
title = {{Economics, Environmental Policy, and the Quality of Life}},
publisher = {Prentice Hall},
year = {1979},
address = {Englewood Cliffs, NJ},
annote = {{BauWOatW1979a}}
}

@article{european_environmental_agency_eea_greenhouse_2008,
title = {{Greenhouse gas emission trends and projections in Europe 2008}},
year = {2008},
volume = {5},
annote = {{{\textless}p{\textgreater}EEA2008b{\textless}/p{\textgreater}}}
}

@book{stockmann_soziologie_2002,
title = {{Soziologie im Wandel: Universit{\"a}re Ausbildung und Arbeitsmarktchancen in Deutschland}},
year = {2002},
address = {Opladen}
}

@book{ende_jim_1990,
title = {{Jim Knopf und die Wilde 13}},
year = {1990}
}

@book{costanza_institutions_2001,
author = {Ostrom, Elinor},
title = {{Institutions, Ecosystems, and Sustainability}},
year = {2001},
address = {London},
annote = {{CosRetal2001a}}
}

@book{gigerenzer_reich_1999,
author = {Gigerenzer, Gerd},
title = {{Das Reich des Zufalls}},
year = {1999},
address = {Heidelberg},
annote = {{GigG1999a}}
}

@book{wehler_einleitung_1984,
title = {{Einleitung}},
year = {1984},
address = {K{\"o}nigstein/Ts.},
annote = {{WehH1984a}}
}

@article{jensen_measuring_2008,
title = {{Measuring consumption in households: Interpretations and strategies}},
year = {2008},
volume = {68},
pages = {353--361},
annote = {{JenJ2008a}}
}

@book{rat_der_sachverstaendigen_fuer_umweltfragen_umweltgutachten_1978,
author = {RSU, Rat der Sachverst{\"a}ndigen f{\"u}r Umweltfragen},
title = {{Umweltgutachten 1978}},
publisher = {Kohlhammer},
year = {1978},
volume = {8/1978},
address = {Stuttgart}
}

@article{nelson_use_2009,
title = {{The Use (and Abuse) of Meta-Analysis in Environmental and Natural Resource Economics: An Assessment}},
year = {2009},
volume = {42},
number = {3},
pages = {345--377},
annote = {{NelJKenP2009a}}
}

@book{knight_risk_1921,
title = {{Risk, Uncertainty and Profit}},
year = {1921},
address = {Boston},
annote = {Signatur {0501/A} 3332 bei den {WiWIS}}
}

@book{buehl_kollektive_2000,
title = {{Das kollektive Unbewusste in der postmodernen Gesellschaft}},
year = {2000},
address = {Konstanz},
annote = {{BuehW2000a}}
}

@article{michael_public_????,
title = {{Public Perception of Environmental Issues in a Developing Setting: Environmental Concern in Coastal Ghana}},
volume = {90},
number = {4},
pages = {960--982},
annote = {{WhiMHunL2009a}}
}

@article{Davidov:2008hf,
author = {Davidov, Eldad},
title = {{Measurement Equivalence of Nationalism and Constructive Patriotism in the ISSP: 34 Countries in a Comparative Perspective}},
journal = {Political Analysis},
year = {2008},
volume = {17},
number = {1},
pages = {64--82},
month = feb
}

@article{bechtel_verdienststrukturen_2006,
title = {{Verdienststrukturen in Baden-W{\"u}rttemberg: Eine empirische Analyse mit Hilfe von Quantilsregressionen}},
journal = {Miscellaneous},
year = {2006},
annote = {{BecS2006a}}
}

@article{sterman_risk_2008,
title = {{Risk Communication on Climate: Mental Models and Mass Balance}},
journal = {Science},
year = {2008},
volume = {322},
number = {5901},
pages = {532--533}
}

@book{kraemer_wie_1994,
title = {{Wie schreibe ich eine Seminar-, Examens- und Diplomarbeit}},
publisher = {UTB},
year = {1994},
address = {Stuttgart}
}

@article{Franzen:2013vz,
author = {Franzen, Axel and Vogl, Dominikus},
title = {{Time Preferences and Environmental Concern.
An Analysis of the Swiss ISSP 2010}},
journal = {International Journal of Sociology},
year = {2013},
volume = {43},
number = {4},
pages = {39--62}
}

@book{dunlap_paradigms_2002,
author = {Dunlap, Riley E.},
title = {{Paradigms, Theories, and Environmental Sociology}},
year = {2002},
address = {London}
}

@inproceedings{Zeitperspektiveund:2013ww,
author = {Schunck, Reinhard},
title = {{Zeitperspektive und die Entstehung sozialer Ungleichheit im Lebenslauf}},
booktitle = {Forschungskolloquium Universit{\"a}t Bern},
year = {2013},
address = {Bern},
month = nov
}

@article{ehrhardt-martinez_deforestation_2003,
title = {{Deforestation and the Environmental Kuznets Curve: A cross national investigation of Intervening Mechanism}},
year = {2003},
volume = {83},
pages = {226--243},
annote = {{ErhKetal2003a}}
}

@article{Klimek:2012jz,
author = {Klimek, Peter and Yegorov, Yuri and Hanel, Rudolf and Thurner, Stefan},
title = {{Statistical detection of systematic election irregularities}},
journal = {Proceedings of the National Academy of Sciences of the United States of America},
year = {2012},
volume = {109},
number = {41},
pages = {16469}
}

@book{popper_logik_1966,
title = {{Logik der Forschung}},
year = {1966},
address = {T{\"u}bingen}
}

@book{foucault_ordnung_1974,
title = {{Die Ordnung der Dinge: Eine Arch{\"a}ologie der Humanwissenschaften}},
year = {1974},
address = {Frankfurt am Main}
}

@article{kuckartz_klimawandel_2008,
author = {Kuckartz, Udo},
title = {{Klimawandel im Bewusstsein der Bev{\"o}lkerung. Vom Wissen zum Handeln?}},
journal = {Miscellaneous},
year = {2008}
}

@article{ostmann_external_1998,
title = {{External Control May Destroy the Commons}},
year = {1998},
volume = {10},
number = {1},
pages = {103--122}
}

@article{greening_energy_2000,
title = {{Energy efficiency and consumption -- the rebound effect -- a survey}},
year = {2000},
volume = {28},
number = {6-7},
pages = {389--401},
annote = {{GreLetal2000a}}
}

@techreport{g8-erklaerung_chairs_2009,
author = {G8-Erkl{\"a}rung},
title = {{Chair´s Summary of the G8 L'Aquila Summit. Presse- und Informationsamt der Bundesregierung (10. Juli 2009)}},
year = {2009},
number = {1174}
}

@book{gigerenzer_rationality:_1996,
author = {Gigerenzer, Gerd},
title = {{Rationality: Why Social Context Matters}},
year = {1996},
address = {Cambridge}
}

@article{hardin_tragedy_1968,
title = {{The Tragedy of the Common}},
journal = {Science},
year = {1968},
volume = {162},
pages = {1243--1248}
}

@article{chiang_path_2008,
title = {{A Path toward Fairness: Preferential Association and the Evolution of Strategies in the Ultimatum Game}},
year = {2008},
volume = {20},
number = {2},
pages = {173--201}
}

@book{manski_adolescent_1993,
title = {{Adolescent Econometricians: How Do Youth Infer the Returns of Schooling?}},
year = {1993},
address = {Chicago}
}

@article{sterner_fuel_2007,
title = {{Fuel taxes: An important instrument for climate policy}},
year = {2007},
volume = {35},
number = {6},
pages = {3194--3202},
annote = {{SteT2007a}}
}

@article{toepoel_is_2010,
author = {Toepoel, Vera},
title = {{Is consideration of future consequences a changeable construct?}},
journal = {Personality and Individual Differences},
year = {2010},
volume = {48},
number = {8},
pages = {951--956}
}

@article{goodwin_elasticities_2004,
title = {{Elasticities of Road Traffic and Fuel Consumption with Respect to Price and Income: A Review}},
year = {2004},
volume = {24},
number = {3},
pages = {275--292},
annote = {{GodPetal2004a}}
}

@proceedings{kulhavy_bayesian_2007,
title = {{Bayesian Analysis of Stochastic System Dynamics}},
year = {2007}
}

@techreport{issp_working_principles_international_2010,
author = {Principles, ISSP Working},
title = {{International Social Survey Programme (ISSP) Working Principles}},
year = {2010},
number = {1183}
}

@article{stern_new_2000,
author = {Stern, Paul C},
title = {{New environmental theories: toward a coherent theory of environmentally significant behavior}},
journal = {Journal of Social Issues},
year = {2000},
volume = {56},
number = {3},
pages = {407--424}
}

@book{kocka_zivilgesellschaft_2000,
title = {{Zivilgesellschaft als historisches Problem und Versprechen}},
year = {2000},
address = {Frankfurt am Main}
}

@incollection{franzen_gesellschaftliche_2009,
author = {Franzen, Axel and Vogl, Dominikus and Sesterhenn, Fabian},
title = {{Gesellschaftliche Reaktionen auf die Klimadebatte in Deutschland}},
booktitle = {Im Spannungsfeld zwischen Risiko und Verantwortung},
year = {2009},
editor = {Hengstler, Helmut},
pages = {74--89},
organization = {Konstanz},
publisher = {Universit{\"a}t Konstanz}
}

@article{meyer_empirische_2011,
author = {Meyer, Reto},
title = {{Eine empirische Untersuchung zur sozialen Verteilung von Verkehrsl{\"a}rm in den St{\"a}dten Basel und Bern}},
journal = {Schweizerische Zeitschrift f{\"u}r Soziologie},
year = {2011},
volume = {37},
number = {1}
}

@article{montgomery_contemplations_1996,
title = {{Contemplations on the Economic Approach to Religious Behavior}},
year = {1996},
volume = {86},
number = {2},
pages = {443--447}
}

@article{sorrell_jevons_2009,
title = {{Jevons' Paradox revisited: The evidence for backfire from improved energy efficiency}},
year = {2009},
volume = {37},
number = {4},
pages = {1456--1469},
annote = {{SorS2009a}}
}

@article{Guseva:2001wc,
author = {Guseva, Alya and Rona-Tas, Akos},
title = {{Uncertainty, risk, and trust: Russian and American card markets compared}},
journal = {American Sociological Review},
year = {2001},
volume = {66},
number = {5},
pages = {623--646}
}

@article{franzen_klimawandel_2004,
author = {Franzen, Axel and Meyer, Reto},
title = {{Klimawandel des Umweltbewusstseins: Eine Analyse des ISSP 2000}},
year = {2004},
volume = {33},
number = {2},
pages = {119--137}
}

@article{Machina:1987tj,
author = {Machina, Mark J},
title = {{Choice Under Uncertainty: Problems Solved and Unsolved}},
journal = {The Journal of Economic Perspectives},
year = {1987},
volume = {1},
number = {1},
pages = {121--154},
month = jul
}

@book{preisendaerfer_schaene_1996,
author = {Franzen, Axel},
title = {{Der sch{\"o}ne Schein des Umweltbewusstseins: Zu den Ursachen und Konsequenzen von Umwelteinstellung in der Bev{\"o}lkerung}},
year = {1996},
annote = {{PrePFraA1996a}}
}

@article{braun_skript_2010,
title = {{Skript zur Vorlesung "Formale Modelle in der Soziologie"}},
year = {2010},
annote = {{{\textless}p{\textgreater}Vorlesung} von Norman im Februar 2010 an der Universit{\"a}t zu Bern{\textless}/p{\textgreater} {\textless}p{\textgreater} {\textless}/p{\textgreater}}
}

@article{struben_transition_2008,
title = {{Transition challenges for alternative fuel vehicle and transportation systems}},
year = {2008},
volume = {35},
number = {6},
pages = {1070 -- 1097}
}

@book{stegmueller_probleme_1969,
title = {{Probleme und Resultate der Wissenschaftstheorie und Analytischen Philosophie}},
year = {1969},
address = {Berlin - Heidelberg - New York},
annote = {1}
}

@article{Greenleaf:1992tj,
author = {Greenleaf, Eric A.},
title = {{Measuring Extreme Response Style}},
journal = {Public Opinion Quarterly},
year = {1992},
volume = {56},
number = {3},
pages = {328--350}
}

@techreport{bundesamt_fuer_umwelt_bafu_treibstoffverbrauch_2009,
title = {{Treibstoffverbrauch und Schadstoffemissionen des Offroad-Sektors}},
institution = {Bundesamt f{\"u}r Umwelt},
year = {2009},
number = {1196}
}

@article{roberts_risk_1963,
title = {{Risk, Ambiguity, and the Savage Axioms: Comment}},
year = {1963},
volume = {Vol. 77},
number = {No. 2},
pages = {327--336}
}

@article{anscombe_graphs_1973,
author = {Anscombe, Francis J},
title = {{Graphs in Statistical Analysis}},
journal = {American Statistician},
year = {1973},
volume = {27},
pages = {17--21}
}

@article{hansen_target_2008,
title = {{Target atmospheric CO2: Where should humanity aim?}},
year = {2008},
volume = {2},
pages = {217--231},
annote = {{HanJetal2008a}}
}

@book{diekmann_kooperatives_1995,
author = {Franzen, Axel},
title = {{Kooperatives Umweltverhalten: Modelle, Erfahrungen, Massnahmen}},
year = {1995},
address = {Z{\"u}rich},
annote = {{DieAFraA1995a}}
}

@book{muench_soziologische_2004,
title = {{Soziologische Theorie}},
year = {2004},
address = {Frankfurt am Main}
}

@book{kuckartz_umweltbewusstsein_2002,
author = {Kuckartz, Udo},
title = {{Umweltbewusstsein in Deutschland 2002: Ergebnisse einer repr{\"a}sentativen Bev{\"o}lkerungsumfrage}},
year = {2002},
annote = {{KucU2002a}}
}

@book{international_energy_agency_iea_co2_2009,
title = {{CO2 Emissions from Fuel Combustion 2009}},
year = {2009}
}

@book{balzer_wissenschaft_1997,
title = {{Die Wissenschaft und ihre Methoden: Grunds{\"a}tze der Wissenschaftstheorie. Ein Lehrbuch}},
year = {1997},
address = {Freiburg/M{\"u}nchen},
annote = {{BalW1997a}}
}

@article{alves_short-run_2003,
title = {{Short-run, long-run and cross elasticities of gasoline demand in Brazil}},
year = {2003},
volume = {25},
number = {2},
pages = {191--199},
annote = {doi: {DOI:} {10.1016/S0140-9883(02)00108-1}}
}

@article{jorgenson_political-economic_2007,
author = {Jorgenson, Andrew K},
title = {{The political-economic causes of change in the ecological footprints of nations, 1991-2001: A quantitative investigation}},
journal = {Social Science Research},
year = {2007},
volume = {36},
number = {2},
pages = {834--853}
}

@article{porter_toward_1995,
title = {{Toward a New Conception of the Environment-Competitiveness Relationship}},
year = {1995},
volume = {9},
number = {4},
pages = {97--118}
}

@article{mccleary_religion_2006,
title = {{Religion and Economy}},
year = {2006},
volume = {20},
number = {2},
pages = {49--72}
}

@article{smith_monetary_1993,
title = {{Monetary Rewards and Decision Cost in Experimental Economics}},
year = {1993},
volume = {31},
number = {2},
pages = {245--265}
}

@article{wackernagel_national_1999,
title = {{National natural capital accounting with the ecological footprint concept}},
year = {1999},
volume = {29},
number = {3},
pages = {375--390},
annote = {{WacMetal1999a}}
}

@book{kuckartz_trends_2006,
author = {Kuckartz, Udo and Rheingans-Heintze, Anke},
title = {{Trends im Umweltbewusstsein}},
year = {2006},
address = {Wiesbanden}
}

@book{solomon_climate_2007,
author = {Solomon, Susan and Change, Intergovernmental Panel on Climate},
title = {{Climate change 2007: the physical science basis : contribution of Working Group I to the Fourth Assessment Report of the Intergovernmental Panel on Climate Change}},
publisher = {Cambridge University Press},
year = {2007},
address = {Cambridge}
}

@article{storchmann_long-run_2005,
title = {{Long-Run Gasoline demand for passenger cars: the role of income distribution}},
year = {2005},
volume = {27},
number = {1},
pages = {25--58},
annote = {{StoK2005a}}
}

@book{stegmueller_problem_1970,
title = {{Das Problem der Kausalit{\"a}t}},
year = {1970},
address = {K{\"o}ln - Berlin},
annote = {{SteW1970a}}
}

@article{wilhite_cross-cultural_1996,
title = {{A cross-cultural analysis of household energy use behaviour in Japan and Norway}},
year = {1996},
volume = {24},
number = {9},
pages = {795--803},
annote = {{WilHetal1996a}}
}

@article{bruederl_langfristig_1996,
title = {{Langfristig erfolgreich: M{\"u}nchner Soziologinnen und Soziologen auf dem Arbeitsmarkt}},
year = {1996},
volume = {96},
number = {3},
pages = {5--23},
annote = {{BrueJetal1996as}}
}

@article{dahl_analysing_1991,
title = {{Analysing gasoline demand elasticities: a survey}},
year = {1991},
volume = {13},
number = {3},
pages = {203--210},
annote = {doi: {DOI:} {10.1016/0140-9883(91)90021-Q}}
}

@book{preisendaerfer_anwendungen_2004,
title = {{Anwendungen der Rational-Choice-Theorie in der Umweltforschung}},
year = {2004},
address = {M{\"u}nchen}
}

@article{ellsberg_risk_1961,
title = {{Risk, Ambiguity, and the Savage Axioms}},
year = {1961},
volume = {Vol. 75},
number = {No. 4},
pages = {643--669}
}

@book{hofstede_cultures_1980,
author = {Hofstede, Geert H},
title = {{Culture's Consequences. International differences in work-related values}},
publisher = {Sage Publications},
year = {1980},
address = {Newburn Park, CA}
}

@book{rohwer_epistemische_2007,
title = {{Epistemische und aleatrorische Wahrscheinlichkeit (lekture notes)}},
year = {2007},
volume = {Skripte zur Wissenschaftstheorie}
}

@book{dahrendorf_pfade_1974,
title = {{Pfade aus Utopia: Arbeiten zur Theorie und Methode der Soziologie}},
year = {1974},
address = {M{\"u}nchen}
}

@article{gollier_time_2001,
author = {Gollier, Christian},
title = {{Time horizon and the discount rate}},
journal = {Journal of Economic Theory},
year = {2001},
volume = {107},
number = {2},
pages = {463--473}
}

@article{zelezny_elaborating_2000,
title = {{Elaborating on Gender Differences in Environmentalism}},
journal = {Journal of Social Issues},
year = {2000},
volume = {56},
number = {3},
pages = {443--457},
annote = {{ZelLetal2000a}}
}

@article{hunecke_beitrage_2010,
title = {{Beitr{\"a}ge der Umweltpsychologie zur sozial- {\"o}kologischen Forschung: Ergebnisse und Potenziale. Expertise f{\"u}r die BMBF-F{\"o}rderinitiative „Sozial- {\"o}kologische Forschung``}},
year = {2010}
}

@article{frey_environmental_2006,
title = {{Environmental Morale and Motivation}},
year = {2006},
volume = {Working Paper No. 288}
}

@article{dunlap_impact_1975,
author = {Dunlap, Riley E.},
title = {{The impact of political orientation on environmental attitudes and actions}},
journal = {Environment and Behavior},
year = {1975},
volume = {7},
number = {4},
pages = {428}
}

@article{bauer_ergebnisse_2006,
title = {{Ergebnisse der M{\"u}nchner Absolventenstudie 2006}},
journal = {Miscellaneous},
year = {2006},
annote = {{BauJetal2006a}}
}

@article{bell_diversity_2007,
author = {Bell, Joyce M and Hartmann, Douglas},
title = {{Diversity in Everyday Discourse: The Cultural Ambiguities and Consequences of "Happy Talk"}},
year = {2007},
volume = {72},
number = {6},
pages = {895--914},
annote = {{ArticleType:} research-article / Full publication date: Dec., 2007 / Copyright {\copyright} 2007 American Sociological Association Few words in the current American lexicon are as ubiquitous and ostensibly uplifting as diversity. The actual meanings and functions of the term, however, are difficult to pinpoint. In this article we use in-depth interviews conducted in four major metropolitan areas to explore popular conceptions of diversity. Although most Americans respond positively at first, our interviews reveal that their actual understandings are undeveloped and often contradictory. We highlight tensions between idealized conceptions and complicated realities of difference in social life, as well as the challenge of balancing group-based commitments against traditional individualist values. Respondents, we find, define diversity in abstract, universal terms even though most of their concrete references and experiences involve interactions with racial others. Even the most articulate and politically engaged respondents find it difficult to talk about inequality in the context of a conversation focused on diversity. Informed by critical theory, we situate these findings in the context of unseen privileges and normative presumptions of whiteness in mainstream {U.S.} culture. We use these findings and interpretations to elaborate on theories of the intersection of racism and colorblindness in the new millennium.}
}

@book{lomborg_cool_2007,
title = {{Cool it: The Skeptical Environmentalist's Guide to Global Warming}},
year = {2007},
address = {Kent}
}

@article{klineberg_demographic_1998,
title = {{Demographic Predictors of Environmental Concern: It Does Make a Difference How It's Measured}},
year = {1998},
volume = {79},
number = {4},
pages = {734--753},
annote = {{KliSetal1998a}}
}

@article{kahnemann_prospect_1979,
author = {Kahneman, Daniel and Tversky, Amos},
title = {{Prospect Theory: An Analysis of Decision under Risk}},
journal = {Econometrica},
year = {1979},
volume = {47},
pages = {263--291}
}

@article{beck_critical_2009,
title = {{Critical Theory of World Risk Society: A Cosmopolitan Vision}},
year = {2009},
volume = {16},
number = {1},
pages = {3--22},
annote = {{BecU2009a}}
}

@article{selten_money_1999,
title = {{Money does not induce risk neutral behavior, but binary lotteries do even worse}},
year = {1999},
volume = {46},
pages = {211--249}
}

@book{rothermund_india._2008,
title = {{India. Aufstieg einer asiatischen Weltmacht}},
year = {2008},
address = {M{\"u}nchen}
}

@article{Joreskog:1971uo,
author = {J{\"o}reskog, KG},
title = {{Statistical Analysis of Congeneric Tests}},
journal = {Psychometrika},
year = {1971}
}

@misc{vogl_zivilgesellschaft_2006,
title = {{Zivilgesellschaft, Sozialkapital und kosmopolitisches Europa: Die Rolle der Zivilgesellschaft und ihre Eigenheiten - betrachtet aus theoretischer Sicht}},
author = {Vogl, Dominikus},
howpublished = {Assignment},
year = {2006}
}

@article{wiedling_konsequnezen_1979,
title = {{Konsequnezen des Satzes von Bayes bei der Interpretation von Stichprobenergebnissen}},
year = {1979},
volume = {Jahrgang 32},
number = {Heft 6},
pages = {335--339}
}

@article{VandeVijver:2000wp,
author = {Van de Vijver, Fons J R and Leung, Kwok},
title = {{Methodological Issues in Psychological Research on Culture}},
journal = {Journal of Cross-Cultural Psychology},
year = {2000},
volume = {31},
number = {1},
pages = {33--51}
}

@book{rabe-hesketh_multilevel_2008,
author = {Rabe-Hesketh, Sophia and Skrondal, Anders},
title = {{Multilevel and longitudinal modeling using Stata}},
year = {2008},
address = {Texas}
}

@article{vorholz_erde_2009,
title = {{Erde Ohne Aktien}},
year = {2009},
pages = {1},
annote = {{VorF2009a}}
}

@book{weber_wirtschaft_1922,
title = {{Wirtschaft und Gesellschaft}},
year = {1922},
address = {Paderborn},
annote = {1922}
}

@book{manski_treatment_2007,
title = {{Treatment Choice under Ambiguity Induced by Inferential Problems}},
year = {2007},
volume = {1st International Symposium on Imprecise Probabilities and Their Applications, Ghent, Belgium, 29 June - 2 July 1999}
}

@book{pfister_little_2007-1,
title = {{Little Ice Age-type Impacts and the Mitigation of Social Vulnerablility to Climate in the Swiss Canton of Bern prior to 1800}},
year = {2007},
address = {Cambridge, Massachusetts},
annote = {{PfiC2007a}}
}

@book{lieber_diplomsoziologe_1979,
title = {{Der Diplomsoziologe und das Berufsbild des Deutschen Soziologen}},
year = {1979},
address = {Opladen},
annote = {Sonderheft 21/1979}
}

@book{marinell_einfuehrung_2001,
title = {{Einf{\"u}hrung in die Bayes-Statistik}},
year = {2001},
address = {M{\"u}nchen, Wien},
annote = {{MarGSteG2001a}}
}

@article{nelson_climate_2009,
title = {{Climate Change: Impact on Agriculture and Costs of Adaptation}},
journal = {Miscellaneous},
year = {2009},
annote = {{NelGetal2009a}}
}

@article{xie_identification_1996,
title = {{Identification Problem in the Social Sciences, by Charles F. Manski: Review}},
year = {1996},
volume = {Vol. 101},
number = {No. 4},
pages = {1131--1133},
annote = {{XieY1996a}}
}

@book{wald_statistical_1950,
title = {{Statistical Decision Functions}},
year = {1950},
address = {New York}
}

@article{fidler_impact_2006,
title = {{Impact of Criticism of Null-Hypothesis Significance Testing on Statistical Reporting Practices in Conservation Biology}},
year = {2006},
volume = {20},
number = {5},
pages = {1539--1544},
annote = {{FidFetal2006a}}
}

@article{rohwer_epistemische_2000,
title = {{Epistemische und aleatrorische Wahrscheinlichkeit (lekture notes)}},
journal = {Miscellaneous},
year = {2000},
annote = {{2007/Feb/28}}
}

@book{borovcnik_was_1984,
title = {{Was bedeuten statistische Aussagen}},
year = {1984},
address = {Wien},
annote = {8 {BorM1984a}}
}

@article{locke_does_2009,
author = {Locke, Kenneth D and Baik, Kyoung-Deok},
title = {{Does an Acquiescent Response Style Explain Why Koreans are Less Consistent than Americans?}},
journal = {Journal of Cross-Cultural Psychology},
year = {2009},
volume = {40},
number = {2},
pages = {319--323}
}

@book{lauth_wissenschaftliche_2002,
title = {{Wissenschaftliche Erkenntnis: Eine ideengeschichtliche Einf{\"u}hrung in die Wissenschaftstheorie}},
year = {2002},
address = {Paderborn}
}

@article{gertner_rise_2010,
author = {Gertner, Jon},
title = {{The Rise and Fall of the G.D.P.}},
journal = {The New York Times},
year = {2010},
number = {Ch. Magazine}
}

@book{brand_nachhaltige_1997,
author = {Brand, Karl-Werner},
title = {{Nachhaltige Entwicklung: eine Herausforderung an die Soziologie}},
year = {1997}
}

@article{meyer_world_1997,
author = {Meyer, John W and Boli, John and Thomas, George M and Ramirez, Francisco O},
title = {{World Society and the Nation‐State}},
year = {1997},
volume = {103},
number = {1},
pages = {144--181},
annote = {{ArticleType:} research-article / Full publication date: July 1997 / Copyright {\copyright} 1997 The University of Chicago Press The authors analyze the nation‐state as a worldwide institution constructed by worldwide cultural and associational processes, developing four main topics: (1) properties of nation‐states that result from their exogenously driven construction, including isomorphism, decoupling, and expansive structuration; (2) processes by which rationalistic world culture affects national states; (3) characteristics of world society that enhance the impact of world culture on national states and societies, including conditions favoring the diffusion of world models, expansion of world‐level associations, and rationalized scientific and professional authority; (4) dynamic features of world culture and society that generate expansion, conflict, and change, especially the statelessness of world society, legitimation of multiple levels of rationalized actors, and internal inconsistencies and contradictions.}
}

@article{european_road_federation_european_????,
title = {{European Road Statistics 2009}},
journal = {Miscellaneous},
annote = {{ERF2009a}}
}

@article{henry_public_2000,
title = {{Public Perceptions of Global Warming}},
year = {2000},
volume = {7},
pages = {25--30}
}

@article{iannaccone_religious_1990,
title = {{Religious Practice: A Human Capital Approach}},
year = {1990},
volume = {29},
number = {3},
pages = {297--314}
}

@article{franzen_umweltengagement_1999,
author = {Franzen, Axel},
title = {{Das Umweltengagement von Schweizer Wirtschaftsunternehmen}},
journal = {Schweizerische Zeitschrift f{\"u}r Soziologie},
year = {1999},
volume = {25},
number = {3},
pages = {429--448}
}

@book{diw_verkehr_2008,
title = {{Verkehr in Zahlen 2008/2009}},
year = {2008},
address = {Hamburg},
annote = {{DIW2008a}}
}

@book{rootes_environmental_1997,
title = {{Environmental Movements and Green Parties in Western and Eastern Europe}},
year = {1997},
address = {Cheltenham}
}

@article{levermore_review_2008,
title = {{A review of the IPCC Assessment Report Four, Part 2: Mitigation options for residential and commercial buildings}},
year = {2008},
volume = {29},
number = {4},
pages = {363--374},
annote = {November 1, 2008}
}

@book{hengartner_einfuehrung_1978,
title = {{Einf{\"u}hrung in die Monte-Carlo-Methode}},
year = {1978},
address = {M{\"u}nchen},
annote = {{HenWTheR1978a}}
}

@book{held_methoden_2008,
title = {{Methoden der statistischen Infernez: Likelihood und Bayes}},
year = {2008},
address = {Heidelberg},
annote = {{HelL2008a}}
}

@article{hout_why_2002,
title = {{Why More Americans Have No Religious Preference: Politics and Generations}},
year = {2002},
volume = {67},
number = {2},
pages = {165--190}
}

@book{habermas_analytische_1968,
title = {{Analytische Wissenschaftstheorie und Dialektik: Ein Nachtrag zur Kontroverse zwischen Popper und Adorno}},
year = {1968},
address = {K{\"o}ln - Berlin}
}

@article{grand_organizational_2002,
title = {{Organizational Size and Pollution}},
year = {2002},
volume = {67},
number = {3},
pages = {389--407}
}

@article{van_hemert_structural_2002,
author = {Van Hemert, Dianne A. and Van de Vijver, Fons J R and Poortinga, Ype H and Georgas, James},
title = {{Structural and functional equivalence of the Eysenck Personality Questionnaire within and between countries}},
journal = {Personality and Individual Differences},
year = {2002},
volume = {33},
number = {8},
pages = {1229--1249}
}

@article{harzing_response_2006,
author = {Harzing, Anne-Wil},
title = {{Response Styles in Cross-national Survey Research: A 26-country Study}},
journal = {International Journal of Cross Cultural Management},
year = {2006},
volume = {6},
number = {2},
pages = {243--266}
}

@techreport{britz_long-term_2005,
author = {Britz, Anneliese},
title = {{Long-Term Discounting and Sustainability II (Hausarbeit) Seminar zur Volkswirtschaftspolitik „Issues in Environmental Economics`` (Prof. Richard Tol)}},
year = {2005},
number = {1272}
}

@book{rudermann_energy-efficiency_1987,
author = {Rudermann, H and Levine, M and Mahon, J Mc},
title = {{Energy-Efficiency Choice in the Purchase of Residential Appliances}},
year = {1987},
address = {Washington}
}

@article{dunlap_global_1993,
author = {Dunlap, Riley E. and Gallup, G H and Gallup, A M},
title = {{Of Global Concern: Results of the Health of the Planet Survey}},
year = {1993},
volume = {35},
number = {9},
pages = {7--15,33--39},
annote = {Compared the public opinion toward environmental issues of citizens in 24 nations covering a wide range of geographical and economic levels. Concluded that conventional wisdom claiming a difference in levels of environmental concern between citizens of rich and poor nations was not valid. {(Contains} 37 references.) {(MDH)}}
}

@article{lijesen_real-time_2007,
title = {{The real-time price elasticity of electricity}},
year = {2007},
volume = {29},
number = {2},
pages = {249--258},
annote = {{LijM2007a}}
}

@article{ignatow_science_2005,
title = {{From Science to Multiculturalism: Postmodern Trends in Environmental Organizations}},
journal = {Global Environmental Politics},
year = {2005},
volume = {5},
number = {2},
pages = {88--113},
annote = {Volume 5, Number 2, May 2005}
}

@article{iannaccone_introduction_1998,
title = {{Introduction to the Economics of Religion}},
year = {1998},
volume = {36},
number = {3},
pages = {1465--1495}
}

@article{andersen_nonparametric_2009,
title = {{Nonparametric Methods for Modeling Nonlinearity in Regression Analysis}},
year = {2009},
volume = {35},
number = {1},
pages = {67--85},
annote = {{AndR2009a}}
}

@booklet{Finucane:2000wu,
title = {{The Affect Heuristic in Judgments of Risks and Benefits}},
author = {Finucane, Melissa L and Alhakami, Ali and Slovic, Paul and Johnson, Stephen M},
howpublished = {Journal of Behavioral Decision Making},
year = {2000}
}

@article{virley_effect_1993,
title = {{The effect of fuel price increases on road transport CO2 emissions}},
year = {1993},
volume = {1},
number = {1},
pages = {43--48},
annote = {{VirS9300}}
}

@book{wagner_meta-analyse_2006,
title = {{Meta-Analyse als Methode der Sozialforschung}},
year = {2006},
volume = {Sonderheft 44/2004 der K{\"o}lner Zeitschrift f{\"u}r Soziologie und Sozialpsychologie},
address = {Wiesbaden}
}

@article{fransson_environmental_1999,
author = {Fransson, Niklas and G{\"a}rling, Tommy},
title = {{Environmental Concern: Conceptual Definitions, Measurement Methods, and Research Findings}},
journal = {Journal of Environmental Psychology},
year = {1999},
volume = {19},
number = {4},
pages = {369--382},
month = dec
}

@techreport{beckmann_jon_2007,
author = {Beckmann, Klaus},
title = {{Jon Elster und das Zeitinkonsistenz-Problem}},
institution = {Lehrstuhl f{\"u}r Wirtschaftsethik, Martin-Luther-Universit{\"a}t Halle-Wittenberg},
year = {2007},
number = {1282}
}

@techreport{umweltbundes_amt_uba_energiebedingte_2008,
title = {{Energiebedingte CO2-Emissionen in Deutschland im Jahr 2007: Verkehr im Vergleich zu anderen Quellgruppen}},
year = {2008},
number = {1283}
}

@article{hertwig_experimental_2001,
title = {{Experimental practices in economics: A methodological challenge for psychologists?}},
year = {2001},
volume = {24},
pages = {383--451}
}

@article{york_tale_2009,
author = {York, Richard and Rosa, Eugene A and Dietz, Thomas},
title = {{A Tale of Contrasting Trends: Three Measures of the Ecological Footprint in China, India, Japan, and the United States, 1961-2003}},
journal = {Journal of World-Systems Research},
year = {2009},
volume = {15},
pages = {134--146}
}

@book{rao_was_1995,
title = {{Was ist Zufall? Statistik und Wahrheit}},
year = {1995},
address = {M{\"u}nchen u. a.}
}

@article{olofsson_general_2006,
title = {{General Beliefs and Environmental Concern: Transatlantic Comparisons}},
journal = {Environment and Behavior},
year = {2006},
volume = {38},
number = {6},
pages = {768--790},
annote = {{OloA{\"O}hmS2006a}}
}

@article{franzen_environmental_2003,
author = {Franzen, Axel},
title = {{Environmental Attitudes in International Comparison: An Analysis of the ISSP Surveys 1993 and 2000}},
year = {2003},
volume = {84},
number = {4},
pages = {297--308}
}

@article{gelissen_explaining_2007,
author = {Gelissen, John},
title = {{Explaining Popular Support for Environmental Protection: A Multilevel Analysis of 50 Nations}},
journal = {Environment and Behavior},
year = {2007},
volume = {39},
pages = {392--415},
annote = {{GelJ2007a}}
}

@article{economist_planet_2010,
title = {{Planet B: Climate change}},
year = {2010},
pages = {9--10},
annote = {economist20100102b}
}

@article{umweltbundes_amt_wie_2006,
title = {{Wie private Haushalte die Umwelt nutzen -- h{\"o}herer Energieverbrauch trotz Effizienzsteigerungen}},
journal = {Miscellaneous},
year = {2006},
annote = {{UBA2006a}}
}

@book{kaehler_risiko_2007,
title = {{Risiko, amtliche Statistik und Wahrscheinlichkeit - der gesellschaftliche Umgang mit Unsicherheit in der Ersten und Zweiten Modere: Hintergrundpapier zur Tagung "Uneindeutigkeit als Herausforderung - Risiko, amtliche Statistik und Wahrscheinlichkeit" im November 2007}},
year = {2007}
}

@article{beuthe_freight_2001,
title = {{Freight transportation demand elasticities: a geographic multimodal transportation network analysis}},
year = {2001},
volume = {37},
number = {4},
pages = {253--266},
annote = {doi: {DOI:} {10.1016/S1366-5545(00)00022-3}}
}

@article{allais_comportement_1953,
title = {{Le Comportement de l´Homme Rationel devant le Risque: Critique des Postulats et Axiomes de l´Ecole Americaine}},
year = {1953},
volume = {21},
pages = {503--546},
annote = {{AllM1953a}}
}

@book{lakatos_methodologie_1982,
title = {{Die Methodologie wissenschaftlicher Forschungsprogramme}},
year = {1982}
}

@article{rees_ecological_1992,
title = {{Ecological footprints and appropriated carrying capacity: what urban economics leaves out}},
year = {1992},
volume = {4},
number = {2},
pages = {121--130},
annote = {{ResW1992a}}
}

@article{kocher_trust_2007,
title = {{Trust and trustworthiness across different age groups}},
year = {2007},
volume = {59},
number = {2},
pages = {364--382}
}

@article{weitzman_why_1998,
author = {Weitzman, Martin L},
title = {{Why the far-distant future should be discounted at its lowest possible rate}},
year = {1998},
volume = {36},
number = {3},
pages = {201--208}
}

@book{briggs_soziologie_1984,
title = {{Soziologie und Geschichte}},
year = {1984},
address = {K{\"o}nigstein/Ts.},
annote = {{BriA1984a}}
}

@article{diekmann_environmental_1998,
title = {{Environmental Behavior: Discrepancies Between Aspiration and Reality}},
year = {1998},
volume = {10},
number = {1},
pages = {79--102},
annote = {{{\textless}p{\textgreater}DieAPreP1998a{\textless}/p{\textgreater}}}
}

@article{smith_rewards_1993,
title = {{Rewards, Experiences and Decision Costs in First Price Auctions}},
year = {1993},
volume = {31},
number = {2},
pages = {237--244}
}

@webpage{Baumgartner:2001td,
author = {Baumgartner, Hans and Steenkamp, Jan-Benedict E. M.},
title = {{Response Styles in Marketing Research: A Cross-National Investigation}},
year = {2001},
url = {http://emedia1.bsb-muenchen.de/han/51882/www.jstor.org/stable/i270070}
}

@article{matsumoto_toward_2006,
author = {Matsumoto, David and Yoo, Seung Hee},
title = {{Toward a New Generation of Cross-Cultural Research}},
year = {2006},
volume = {1},
number = {3},
pages = {234--250},
annote = {{{\textless}p{\textgreater}In} this article, we describe how cross-cultural research methodologies have evolved, with each phase of research addressing limitations of a previous one. We describe briefly the three previous phases and argue for embarking on a fourth phase that empirically establishes linkages between the active cultural ingredients hypothesized to cause between-country differences and the observed differences themselves. We discuss theoretical considerations and possible empirical methods to establish such linkages, and urge researchers to seriously consider incorporating these kinds of linkage studies in their programs of research.{\textless}/p{\textgreater}}
}

@book{rawlings_applied_1998,
author = {Rawlings, J O and Pantula, S G and Dickey, D A and Springer-Verlag},
title = {{Applied regression analysis: a research tool}},
year = {1998}
}

@article{konisky_environmental_2008,
author = {Konisky, David M and Milyo, Jeffrey and Richardson, Lilliard E},
title = {{Environmental Policy Attitudes: Issues, Geographical Scale, and Political Trust}},
year = {2008},
volume = {89},
number = {5},
pages = {1066--1085}
}

@article{schedler_democracy_1998,
author = {Schedler, A and Santiso, J},
title = {{Democracy and time: An invitation}},
journal = {International political science review},
year = {1998},
volume = {19},
number = {1},
pages = {5}
}

@book{diekmann_einsicht_1996,
author = {Franzen, Axel},
title = {{Einsicht in {\"o}kologische Zusammenh{\"a}nge und Umweltverhalten}},
year = {1996},
address = {Bern}
}

@book{diekmann_umweltsoziologie_1994,
title = {{Umweltsoziologie}},
year = {1994},
address = {Reinbeck}
}

@article{blaikie_nature_1992,
title = {{The Nature and Origins of Ecological World Views: An Australian Study}},
year = {1992},
volume = {73},
number = {1},
pages = {114--165},
annote = {{BlaiN1992a}}
}

@book{luhmann_einfuehrung_2005,
title = {{Einf{\"u}hrung in die Theorie der Gesellschaft}},
year = {2005},
address = {Heidelberg}
}

@article{holtz-eakin_stoking_1992,
title = {{Stoking the Fires? CO2 Emissions and Economic Growth}},
year = {1992},
volume = {No. 4248},
annote = {{HolDSelT1992a}}
}

@book{fischer_mensch_1985,
title = {{Mensch und Mathematik: Eine Einf{\"u}hrung in didaktisches Denken und Handeln}},
year = {1985},
volume = {Lehrb{\"u}cher und Monographien zur Didaktik der Mathemathik},
address = {Mannheim u. a.}
}

@book{altenburg_pilot_2007,
author = {Scholz, Imme and Schoenenberg, Regine},
title = {{The pilot programme to conserve the Brazilian rainforests}},
year = {2007},
volume = {27},
address = {Bonn}
}

@article{braun_umweltverhalten_1995,
author = {Franzen, Axel},
title = {{Umweltverhalten und Rationalit{\"a}t}},
journal = {K{\"o}lner Zeitschrift f{\"u}r Soziologie und Sozialpsychologie},
year = {1995},
volume = {47},
pages = {231--248}
}

@book{wooldrige_introductory_2009,
title = {{Introductory Econometrics: A Modern Approach}},
year = {2009},
volume = {Forth Edition},
annote = {{WolJ2009a}}
}

@article{wray-lake_examining_2010,
title = {{Examining Trends in Adolescent Environmental Attitudes, Beliefs, and Behaviors Across Three Decades}},
journal = {Environment and Behavior},
year = {2010},
volume = {42},
number = {1},
pages = {61--85},
annote = {{WraLetal2010a}}
}

@article{frederick_time_2002,
title = {{Time Discounting and Time Preference: A Critical Review}},
year = {2002},
volume = {40},
number = {2},
pages = {351--401}
}

@article{best_environmental_2010,
author = {Best, Henning},
title = {{Environmental Concern and the Adoption of Organic Agriculture}},
journal = {Society and Natural Resources},
year = {2010},
volume = {23},
number = {5},
pages = {451--468}
}

@incollection{smith_acquiescence_2008,
author = {Smith, Peter B and Fischer, Ronald},
title = {{Acquiescence, extreme response bias and culture: A multilevel analysis}},
booktitle = {Multilevel Analysis of Individuals and Cultures},
year = {2008},
editor = {Van de Vijver, Fons J R and Van Hemert, Dianne A. and Poortinga, Ype H},
pages = {288--311},
publisher = {Erlbaum},
address = {New York}
}

@article{bruederl_muenchner_1995,
title = {{M{\"u}nchner Soziologinnen und Soziologen im Beruf}},
year = {1995},
volume = {18},
pages = {328--345},
annote = {{BrueJetal1995a}}
}

@article{cait_climate_2009,
title = {{Climate Analysis Indicators Tool (CAIT UNFCCC) version 3.0}},
journal = {Miscellaneous},
year = {2009},
annote = {{CAIT2009a}}
}

@article{joireman_consideration_2008,
author = {Joireman, Jeff and Balliet, Daniel and Sprott, David and Spangenberg, Eric and Schultz, Jenifer},
title = {{Consideration of future consequences, ego-depletion, and self-control: Support for distinguishing between CFC-Immediate and CFC-Future sub-scales}},
journal = {Personality and Individual Differences},
year = {2008},
volume = {45},
number = {1},
pages = {15--21},
annote = {We examine how individual differences in the consideration of future consequences {(Strathman} et al., 1994) impact trait self-control, and temporal discounting under conditions of ego-depletion. Study 1 {(N�=�986)} reveals that the {CFC} scale contains two underlying factors, which can be labeled the {CFC-Immediate} {(CFC-I)} and {CFC-Future} {(CFC-F)} sub-scales. Supporting the distinction between the two sub-scales, Study 2 {(N�=�147)} shows that lower levels of trait self-control are best predicted by higher levels of {CFC-I} (not {CFC-F),} while Study 3 {(N�=�104)} reveals that ego-depletion leads to more temporal discounting only among those high in {CFC-I.} Future use of the two sub-scales is encouraged.}
}

@book{aron_fortschritt_1968,
title = {{Fortschritt ohne Ende?}},
year = {1968},
address = {G{\"u}tersloh}
}

@book{laux_entscheidungstheorie_2007,
title = {{Entscheidungstheorie}},
year = {2007},
address = {Berlin}
}

@book{kocka_geschichte_2000,
title = {{Geschichte und Zukunft der Arbeit}},
year = {2000},
address = {Frankfurt am Main}
}

@book{liebe_zahlungsbereitschaft_2007,
author = {Liebe, Ulf},
title = {{Zahlungsbereitschaft f{\"u}r kollektive Umweltg{\"u}ter: Soziologische und {\"o}konomische Analysen}},
publisher = {VS Verlag},
year = {2007},
address = {Wiesbaden}
}

@book{scarborough_rise_2007,
title = {{The Rise and Fall of the Ancient Maya: A Case Study in Political Ecology}},
year = {2007},
address = {Cambridge, Massachusetts},
annote = {{ScaV2007a}}
}

@article{economist_chinas_2010,
title = {{China's thing about numbers: Climate change after Copenhagen}},
year = {2010},
pages = {43--44},
annote = {economist20100102a}
}

@book{bundesministerium_fuer_verkehr_bau_und_stadtentwicklung_bmvbs_verkehr_2009,
title = {{Verkehr in Zahlen 2009/2010}},
year = {2009},
address = {Hamburg},
annote = {{DIW2008a}}
}

@article{ebenhaeh_agent_2008,
title = {{Agent Behaviour between Maximization and Cooperation}},
year = {2008},
volume = {20},
number = {2},
pages = {227--252}
}

@article{Bozoyan:2011gj,
author = {Bozoyan, Christiane and Wolbring, Tobias},
title = {{Fat, Muscles, and Wages}},
journal = {Economics {\&} Human Biology},
year = {2011},
month = jul
}

@article{verardi_psychometric_2010,
author = {Verardi, Sabrina and Dahourou, Donatien and Ah-Kion, Jennifer and Bhowon, Uma and Tseung, Caroline Ng and Amoussou-Yeye, Denis and Adjahouisso, Marcel and Bouatta, Cherifa and Ciss{\'e}, Daouda Dougoumal{\'e} and Mbodji, Mamadou and Barry, C and Minga, David Minga and Ondongo, Fran{\c c}ois and Tsokini, Dieudonn{\'e} and Rigozzi, Christine and Stadelhofen, Franz Meyer de and Rossier, J{\'e}r{\^o}me},
title = {{Psychometric Properties of the Marlowe-Crowne Social Desirability Scale in Eight African Countries and Switzerland}},
journal = {Journal of Cross-Cultural Psychology},
year = {2010},
volume = {41},
number = {1},
pages = {19--34}
}

@article{Wolbring:2011gr,
author = {Wolbring, T and Keuschnigg, M and Negele, E},
title = {{Needs, Comparisons, and Adaptation: The Importance of Relative Income for Life Satisfaction}},
year = {2011},
month = jun
}

@article{granato_agenda_1991,
title = {{An Agenda For Econometric Model Building}},
journal = {Political Analysis},
year = {1991},
volume = {3},
number = {1},
pages = {123--154}
}

@book{gill_bayesian_2008,
title = {{Bayesian Methods: A Social and Behavioral Sciences Approach}},
year = {2008},
volume = {Second Edition},
address = {Boca Rato}
}

@article{graham_road_2004,
title = {{Road Traffic Demand Elasticity Estimates: A Review}},
year = {2004},
volume = {24},
number = {3},
pages = {261--274},
annote = {{GraDGlaS2004a}}
}

@article{braun_theorie_2008,
title = {{Theorie in der Soziologie}},
year = {2008},
volume = {59},
pages = {373--395}
}

@book{luhmann_soziale_1984,
title = {{Soziale Systeme: Grundriss einer allgemeinen Theorie}},
year = {1984},
address = {Frankfurt a. M.},
annote = {{LuhN1984a}}
}

@article{ignatow_cultural_2006,
title = {{Cultural Models of Nature and Society: Reconsidering Environmental Attitudes and Concern}},
journal = {Environment and Behavior},
year = {2006},
volume = {38},
pages = {441--461},
annote = {{IgnG2006a}}
}

@article{kilian_plaedoyer_2005,
title = {{Pl{\"a}doyer f{\"u}r "nat{\"u}rliche" bedingte Wahrscheinlichkeiten}},
year = {2005},
volume = {25},
number = {2},
pages = {36--42},
annote = {{KilH2005a}}
}

@article{maloney_revised_1975,
author = {Maloney, Michael P and Ward, Michael P and Braucht, G Nicholas},
title = {{A Revised Scale for the Measurement of Ecological Attitudes and Knowledge}},
journal = {American Psychologist},
year = {1975},
number = {7},
pages = {787--790}
}

@book{weber_methodologische_1968,
title = {{Methodologische Schriften}},
year = {1968},
address = {Frankfurt a. M.}
}

@book{neumann_zukunftsperspektiven_1990,
author = {Neumann, Manfred},
title = {{Zukunftsperspektiven im Wandel: lange Wellen in Wirtschaft und Politik}},
year = {1990}
}

@book{Steg:2013uq,
editor = {Steg, Linda and Van den Berg, Agnes E and de Groot, Judith I M},
title = {{Environmental psychology: An introduction}},
publisher = {John Wiley {\&} Sons},
year = {2013},
address = {West Sussex}
}

@book{chater_probabilistic_2008,
title = {{The Probabilistic Mind: Prospects for Bayesian Cognitive Science}},
year = {2008},
address = {New York},
annote = {{ChaNOakM2008a}}
}

@article{bebee_rapidly_2007,
title = {{Rapidly Rising Energy Prices: does the Driver of the Energy Market Imbalance Matter?}},
year = {2007},
volume = {199},
number = {1},
pages = {114--a--125},
annote = {January 1, 2007}
}

@article{brechin_objective_1999,
author = {Brechin, Steven R},
title = {{Objective problems, subjective values, and global environmentalism: Evaluating the postmaterialist argument and challenging a new explanation}},
year = {1999},
volume = {80},
number = {4},
pages = {793--809}
}

@article{best_organic_2009,
author = {Best, Henning},
title = {{Organic Farming as a Rational Choice: Empirical Investigations in Environmental Decision Making}},
year = {2009},
volume = {21},
pages = {197--224},
annote = {{BesH2009a}
Rational Choice and Theory}
}

@book{lube_karl_2005,
title = {{Karl R. Popper: Bibliographie 1925 - 2004: Wissenschaftstheorie, Sozialphilosophie, Logik, Wahrscheinlichkeitstheorie, Naturwissenschaften}},
year = {2005},
address = {Frankfurt/Main}
}

@article{fredriksson_kyoto_2002,
title = {{Kyoto Protocol cooperation: Does government corruption facilitate environmental lobbying?}},
year = {2002},
volume = {133},
pages = {231--251},
annote = {{FrePetal2002a}}
}

@book{kolmogorov_grundbegriffe_1933,
title = {{Grundbegriffe der Wahrscheinlichkeitsrechnung}},
year = {1933},
address = {Berlin}
}

@book{dahrendorf_lebenschancen:_1979,
title = {{Lebenschancen: Anl{\"a}ufe zur sozialen und politischen Theorie}},
year = {1979},
volume = {Erste Auflage 1979},
address = {Frankfurt am Main},
annote = {{DahR1979a}}
}

@article{center_for_history_and_new_media_schnelleinstieg_????,
title = {{Schnelleinstieg}},
journal = {Miscellaneous},
annote = {{{\textless}p{\textgreater}{\textless}strong{\textgreater}Willkommen} bei {Zotero!{\textless}/strong{\textgreater}{\textless}/p{\textgreater}{\textless}p{\textgreater}Anhand} des {Quick-Start-Ratgebers} l{\"a}sst sich das Sammeln, Handhaben, Zitieren und Teilen von Quellen {erlernen.{\textless}/p{\textgreater}{\textless}p{\textgreater}Vielen} Dank, dass Sie Zotero installiert haben.{\textless}/p{\textgreater}}
}

@book{pachauri_climate_2007,
author = {Pachauri, R K and Reisinger, A},
title = {{Climate Change 2007: Synthesis Report}},
year = {2007},
address = {Cambridge}
}

@article{cheung_assessing_2000,
author = {Cheung, Gordon W and Rensvold, Roger B},
title = {{Assessing Extreme and Acquiescence Response Sets in Cross-Cultural Research Using Structural Equations Modeling}},
journal = {Journal of Cross-Cultural Psychology},
year = {2000},
volume = {31},
number = {2},
pages = {187--212}
}

@book{haeder_empirische_2006,
title = {{Empirische Sozialforschung}},
year = {2006}
}

@book{popper_logik_1934,
title = {{Logik der Forschung}},
year = {1934},
address = {T{\"u}bingen},
annote = {{PopK1966a}}
}

@article{manski_partial_2003,
title = {{Partial Identification of Probability Distributions: Lekture Note}},
journal = {Miscellaneous},
year = {2003},
annote = {{2007/Okt./13}}
}

@article{blocker_gender_1997,
author = {Eckberg, Douglas L.},
title = {{Gender and environmentalism: Results from the 1993 General Social Survey}},
year = {1997},
volume = {78},
number = {4},
pages = {841--858},
annote = {{BloTEckD1997a}}
}

@book{elster_ulysses_2000,
author = {Elster, Jon},
title = {{Ulysses unbound: Studies in rationality, precommitment, and constraints}},
year = {2000}
}

@article{Tversky:1973ui,
author = {Tversky, Amos and Kahneman, Daniel},
title = {{Availability: A heuristic for judging frequency and probability}},
journal = {Cognitive Psychology},
year = {1973},
volume = {5},
number = {2},
pages = {207--232}
}

@article{scholl_co2_1996,
title = {{CO2 emissions from passenger transport : A comparison of international trends from 1973 to 1992}},
year = {1996},
volume = {24},
number = {1},
pages = {17--30},
annote = {{ScholLetal1996a}}
}

@book{maslow_motivation_1970,
author = {Maslow, Abraham H},
title = {{Motivation and Personality}},
year = {1970},
address = {New York}
}

@article{hausman_individual_1979,
author = {Hausman, Jerry A},
title = {{Individual Discount Rates and the Purchase and Utilization of Energy-Using Durables}},
journal = {The Bell Journal of Economics},
year = {1979},
volume = {10},
number = {1},
pages = {33--54},
annote = {{ArticleType:} research-article / Full publication date: Spring, 1979 / Copyright {\copyright} 1979 The {RAND} Corporation This article presents a model of individual behavior in the purchase and utilization of energy-using durables. The tradeoff between capital costs for more energy efficient appliances and operating costs for the appliances is emphasized. Using data on both the purchase and utilization of room air conditioners, the model is applied to a sample of households. The utilization equation indicates a relatively low price elasticity. The purchase equation, based on a discrete choice model, demonstrates that individuals do trade off capital costs and expected operating costs. The results also show that individuals use a discount rate of about 20 percent in making the tradeoff decision and that the discount rate varies inversely with income.}
}

@article{schellnhuber_global_2008,
title = {{Global warming: Stop worrying, start panicking?}},
journal = {PNAS},
year = {2008},
volume = {105},
number = {38},
pages = {14239--14240},
annote = {{SchH2008a}}
}

@book{diekmann_umweltbewusstsein_1997,
author = {Franzen, Axel},
title = {{Umweltbewusstsein und Umweltverhalten in der Bev{\"o}lkerung}},
year = {1997},
address = {Bern}
}

@article{dunlap_new_1978,
author = {Dunlap, Riley E.},
title = {{The New Environmental Paradigm: A Proposed Measuring Instrument and Preliminary Results}},
journal = {The Journal of Environmental Education},
year = {1978},
volume = {9},
pages = {10--19},
annote = {{DunRLieK1978a}}
}

@book{buehl_sozialer_1990,
title = {{Sozialer Wandel im Ungleichgewicht: Zyklen, Fluktuationen, Katastrophen}},
year = {1990},
address = {Stuttgart},
annote = {{BuehW1990a}}
}

@book{nagel_verifizierbarkeit_1970,
title = {{Verifizierbarkeit, Wahrheit und Verifikation}},
year = {1970},
address = {K{\"o}ln - Berlin},
annote = {Philosophenbib: {CC3500} K94}
}

@book{keynes_treatise_1920,
title = {{A Treatise on Probability}},
year = {1920},
address = {New York},
annote = {1920}
}

@book{feynman_character_1967,
title = {{The character of physical law}},
year = {1967},
address = {Cambrige}
}

@article{gigerenzer_why_1996,
author = {Gigerenzer, Gerd},
title = {{Why do Frequency formats improve Bayesian reasoning? Cognitive algorithms work on information, which needs representation}},
journal = {Behavioral and Brain Sciences},
year = {1996},
volume = {Vol. 19},
number = {No. 1},
pages = {23--24}
}

@book{kuetting_didaktik_1994,
title = {{Didaktik der Stochastik}},
year = {1994},
address = {Mannheim u. a.},
annote = {23}
}

@article{Casella:1985vj,
title = {{An Introduction to Empirical Bayes Data Analysis}},
journal = {American Statistician},
year = {1985},
volume = {39},
number = {2},
pages = {83--87}
}

@article{buttel_sociology_1986,
author = {Buttle, Frederick H},
title = {{Sociology and the Environment: The Winding Road toward Human Ecology.}},
journal = {International Social Science Journal},
year = {1986},
volume = {38},
number = {3},
pages = {337--56}
}

@book{franzen_trittbrettfahren_1995,
author = {Franzen, Axel},
title = {{Trittbrettfahren oder Engagement? {\"U}berlegungen zum Zusammenhang zwischen Umweltbewusstsein und Umweltverhalten}},
year = {1995},
address = {Z{\"u}rich}
}

@article{beck_climate_2008,
title = {{Climate Change and Globalisation are Reinforcing Global Inequalities: High Time for a New Social Democratic Era}},
year = {2008},
volume = {5},
number = {1},
pages = {78--80},
annote = {{BecU2008a}}
}

@book{morrison_environmental_1972,
author = {Morrison, Denton E and Hornback, K E and Warner, W K},
title = {{The environmental movement: Some preliminary observations and predictions}},
year = {1972},
address = {New York}
}

@article{langeheine_neuer_1986,
title = {{Ein neuer Blick auf die soziale Basis des Umweltbewu{\ss}tseins}},
year = {1986},
volume = {15},
pages = {376--384},
annote = {{LanRLehJ1986a}}
}

@article{de_groot_value_2008,
title = {{Value Orientations to Explain Beliefs Related to Environmental Significant Behavior: How to Measure Egoistic, Altruistic, and Biospheric Value Orientations}},
journal = {Environment and Behavior},
year = {2008},
volume = {40},
number = {3},
pages = {330--354},
annote = {May 1, 2008}
}

@book{diekmann_rational-choice-theorie_2004,
title = {{Rational-Choice-Theorie in den Sozialwissenschaften: Anwendungen und Probleme}},
year = {2004},
address = {M{\"u}nchen}
}

@article{johns_fleet_2009,
title = {{Fleet Conversion in Local Government: Determinants of Driver Fuel Choice for Bi-Fuel Vehicles}},
journal = {Environment and Behavior},
year = {2009},
volume = {41},
number = {3},
pages = {402--426}
}

@article{ashby_how_2005,
title = {{How to Write a Paper}},
year = {2005}
}

@book{chalmers_wege_2007,
title = {{Wege der Wissenschaft: Einf{\"u}hrung in die Wissenschaftstheorie}},
year = {2007},
address = {Berlin},
annote = {{ChaA2007a}}
}

@article{realo_family-related_2003,
author = {Realo, Anu and Goodwin, Robin},
title = {{Family-Related Allocentrism and HIV Risk Behavior in Central and Eastern Europe}},
journal = {Journal of Cross-Cultural Psychology},
year = {2003},
volume = {34},
number = {6},
pages = {690--701}
}

@incollection{franzen_umweltbewusstsein_2010,
author = {Franzen, Axel and Vogl, Dominikus},
title = {{Umweltbewusstsein und Reichtum von Nationen: Ein Vergleich von WVS, ISSP und EVS}},
booktitle = {Komparative empirische Sozialforschung},
year = {2010},
editor = {Beckers, Tilo and Birkelbach, Klaus and Hagenah, J{\"o}rg and Rosar, Ulrich},
pages = {337--362},
organization = {Wiesbaden},
publisher = {VS Verlag}
}

@article{mey_wahlsonntag_????,
title = {{Wahlsonntag (Liedtext)}},
journal = {Miscellaneous},
annote = {17. Sep. 2007}
}

@book{manski_partial_2007,
title = {{Partial Identification of Probability Distributions: Lekture Note}},
year = {2007}
}

@article{azzi_household_1975,
title = {{Household Allocation of Time and Church Attendance}},
year = {1975},
volume = {83},
number = {1},
pages = {27--56},
annote = {{AzzCEhrR1975a}}
}

@book{dahrendorf_auf_2003,
title = {{Auf der Suche nach einer neuen Ordnung: Vorlesungen zur Politik der Freiheit im 21. Jahrhundert}},
year = {2003},
address = {M{\"u}nchen}
}

@article{sterman_understanding_2007,
title = {{Understanding public complacency about climate change: adults' mental model of climate change violate conservation of matter}},
journal = {Miscellaneous},
year = {2007}
}

@book{bruederl_soziologinnen_2002,
title = {{Soziologinnen und Soziologen im Beruf. Ergebnisse ausgew{\"a}hlter Absolventenstudien}},
year = {2002},
address = {Opladen},
annote = {{BrueJReiD2002a}}
}

@book{field_environmental_1994,
author = {Field, Marta K},
title = {{Environmental Economics: An Introduction}},
publisher = {McGraw-Hill},
year = {2009},
address = {Boston},
edition = {6}
}

@book{popper_objektive_1974,
title = {{Objektive Erkenntnis}},
year = {1974},
address = {Hamburg}
}

@article{samuelson_note_1937,
author = {Samuelson, Paul A},
title = {{A Note on Measurement of Utility}},
journal = {The Review of Economic Studies},
year = {1937},
volume = {4},
number = {2},
pages = {155--161},
annote = {{ArticleType:} research-article / Full publication date: Feb., 1937 / Copyright {\copyright} 1937 The Review of Economic Studies Ltd.}
}

@book{ramsey_foundation_1931,
title = {{The Foundation of Mathematics and other Logical Essays}},
year = {1931},
address = {New York}
}

@article{raiffa_risk_1961,
title = {{Risk, Ambiguity, and the Savage Axioms: Comment}},
year = {1961},
volume = {Vol. 75},
number = {No. 4},
pages = {690--694}
}

@article{buttel_new_1987,
author = {Buttel, F H},
title = {{New Directions in Environmental Sociology}},
year = {1987},
volume = {13},
number = {1},
pages = {465--488},
annote = {{ButF1987a}}
}

@article{inglehart_public_1995,
title = {{Public Support for the Environmental Protection: Objective Problems and Subjective Values in 43 Societies}},
journal = {Political Science and Politics},
year = {1995},
volume = {28},
pages = {57--72},
annote = {{IngR1995a}}
}

@book{stegmueller_probleme_1973,
title = {{Probleme und Resultate der Wissenschaftstheorie und Analytischen Philosophie}},
year = {1973},
address = {Berlin u.a.},
annote = {{SteW1973a}}
}

@book{walley_statistical_1991,
title = {{Statistical Reasoning with Imprecise Probabilities}},
year = {1991},
address = {London}
}

@techreport{diekmann_schweizer_2008,
author = {Diekmann, Andreas and Meyer, Reto and M{\"u}hlmann, Christa and Diem, Andrea},
title = {{Schweizer Umweltsurvey 2007. Analysen und Ergebnisse. Bericht f{\"u}r das Bundesamt f{\"u}r Statistik (BFS) und das Bundesamt f{\"u}r Umwelt (BAFU).}},
institution = {ETH Z{\"u}rich},
year = {2009},
number = {1400},
address = {Z{\"u}rich}
}

@article{buttel_social_1978,
author = {Buttel, F H and Flinn, W L},
title = {{Social class and mass environmental beliefs: A reconsideration}},
journal = {Environment and Behavior},
year = {1978},
volume = {10},
number = {3},
pages = {433}
}

@article{diekmann_lassen_1998,
author = {Franzen, Axel},
title = {{Lassen sich Autofahrer von steigenden Benzinpreisen beeindrucken?}},
journal = {Politische {\"O}kologie},
year = {1998},
volume = {9}
}

@book{reusswig_klimawandel_2010,
author = {Reusswig, Fritz},
title = {{Klimawandel und Gesellschaft. Vom Katastrophen- zum Gestaltungsdiskurs im Horizont zur transdisziplin{\"a}ren Diskussion}},
year = {2010},
address = {Wiesbaden}
}

@article{de_groot_value_2008-1,
title = {{Value Orientations to Explain Beliefs Related to Environmental Significant Behavior: How to Measure Egoistic, Altruistic, and Biospheric Value Orientations}},
journal = {Environment and Behavior},
year = {2008},
volume = {40},
number = {3},
pages = {330--354},
annote = {May 1, 2008}
}

@article{diewald_auswirkungen_2007,
title = {{Auswirkungen der Familiengr{\"u}ndung auf den Berufsverlauf von M{\"a}nnern}},
journal = {K{\"o}lner Zeitschrift f{\"u}r Soziologie und Sozialpsychologie},
year = {2007},
volume = {59},
number = {3},
pages = {440--458}
}

@book{behringer_kulturgeschichte_2007,
title = {{Kulturgeschichte des Klimas. Von der Eiszeit bis zur globalen Erw{\"a}rmung}},
year = {2007},
address = {M{\"u}nchen},
annote = {{BehW2007a}}
}

@book{costanza_sustainability_2007,
title = {{Sustainability or Collapse? An Integrated History and Future}},
year = {2007},
address = {Cambridge, Massachusetts},
annote = {{CosRetal2007a}}
}

@book{vogt_kapital_2005,
title = {{Das Kapital der B{\"u}rger: Theorie und Praxis zivilgesellschaftlichen Engagements}},
year = {2005},
address = {Frankfurt}
}

@book{gottinger_subjektive_1974,
title = {{Subjektive Wahrscheinlichkeiten}},
year = {1974},
address = {G{\"o}ttingen}
}

@article{oconnor_who_2002,
author = {O'Connor, Robert E and Bord, Richard J},
title = {{Who Wants to Reduce Greenhouse Gas Emissions?}},
year = {2002},
volume = {83},
number = {1},
pages = {1--17},
month = mar
}

@book{neumayer_greening_2001,
title = {{Greening Trade and Investment: Environmental Protection Without Protectionism}},
year = {2001},
address = {London},
annote = {{NeuE2001a}}
}

@book{stiegler_statistics_1999,
title = {{Statistics on the Table: The History of Statistical Concepts and Methods}},
year = {1999},
address = {Cambridge}
}

@book{manski_identification_2007,
title = {{Identification Problems in the Social Sciences and Life: lecture: Universit{\`a} Degli Studi Di Roma `Tor Vergata': May 24, 2006}},
year = {2007}
}

@article{pock_gasoline_2010,
title = {{Gasoline demand in Europe: New insights}},
year = {2010},
volume = {32},
number = {1},
pages = {54--62},
annote = {{{\textless}p{\textgreater}PocM2010a{\textless}/p{\textgreater}}}
}

@article{fischer_standardization_2004,
author = {Fischer, Ronald},
title = {{Standardization to Account for Cross-Cultural Response Bias}},
journal = {Journal of Cross-Cultural Psychology},
year = {2004},
volume = {35},
number = {3},
pages = {263--282}
}

@article{knuesel_vorlesung_2002,
title = {{Vorlesung Test- und Sch{\"a}tztheorie I, WS 2001/02}},
journal = {Miscellaneous},
year = {2002},
annote = {{Kn{\"u}L2002a}}
}

@article{bolt_addressing_2009,
author = {Bolt, Daniel M and Johnson, Timothy R},
title = {{Addressing Score Bias and Differential Item Functioning Due to Individual Differences in Response Style}},
journal = {Applied Psychological Measurement},
year = {2009},
volume = {33},
number = {5},
pages = {335--352}
}

@article{jann_making_2007,
author = {Jann, Ben},
title = {{Making regression tables simplified}},
journal = {Stata Journal},
year = {2007},
volume = {7},
number = {2},
pages = {227--244}
}

@book{kueffer_taetigkeitsfeld_2007,
title = {{„T{\"a}tigkeitsfeld und berufliche Situation von Sozialwissenschaftlern``}},
year = {2007}
}

@article{european_environmental_agency_eea_greenhouse_2008-1,
title = {{Greenhouse gas emission trends and projections in Europe 2008: Annex: Additional information on greenhouse gas emission trends and projections by sector and by Member State}},
year = {2008},
volume = {5},
annote = {{{\textless}p{\textgreater}EEA2008a{\textless}/p{\textgreater}}}
}

@techreport{pwc_neue_2011,
author = {PwC},
title = {{Neue Weltwirtschaftsordnung 2050: China f{\"u}hrt, Indien folgt knapp hinter den USA}},
institution = {PricewaterhouseCoopers},
year = {2011},
number = {1421}
}

@book{stark_bringing_1996,
title = {{Bringing Theory Back}},
year = {1996},
address = {New York/London}
}

@article{wassner_bayesianisches_2004,
title = {{Bayesianisches Denken in der Schule}},
year = {2004},
volume = {32},
number = {1},
pages = {58--96}
}

@book{international_energy_agency_iea_energy_2010,
title = {{Energy Prices and Taxes, Volume 2009 Issue 4}},
year = {2010}
}

@book{alt_karl_2001,
title = {{Karl R. Popper}},
year = {2001},
address = {Frankfurt/Main},
annote = {{AltJ2001a}}
}

@book{dacunha-castelle_spiele_1997,
title = {{Spiele des Zufalls}},
year = {1997},
address = {M{\"u}nchen},
annote = {{{\textless}p{\textgreater}DacD1997a{\textless}/p{\textgreater}}}
}

@book{Perrow:1987vl,
author = {Perrow, Charles},
title = {{Normale Katastrophe. Die unvermeidbaren Risiken der Gro{\ss}technik}},
publisher = {Campus Verlag},
year = {1987},
address = {Frankfurt}
}

@article{Siegrist:2000ut,
author = {Siegrist, Michael and Cvetkovich, George},
title = {{Perception of Hazards}},
journal = {Risk Analysis},
year = {2000},
volume = {20},
number = {5},
pages = {713--719}
}

@book{thaler_winners_1992,
author = {Thaler, Richard H},
title = {{The Winner's Curse. Paradoxes and Anomalies of Economic Life}},
year = {1992},
address = {Princeton}
}

@article{neumayer_environment_2004,
author = {Neumayer, Eric},
title = {{The environment, left-wing political orientation and ecological economics}},
journal = {Ecolocical Economist},
year = {2004},
volume = {51},
number = {3-4},
pages = {167--175},
annote = {{NeuE2004a}}
}

@article{hunecke_attitude-based_2010,
title = {{Attitude-Based Target Groups to Reduce the Ecological Impact of Daily Mobility Behavior}},
journal = {Environment and Behavior},
year = {2010},
volume = {42},
number = {1},
pages = {3--43},
annote = {January 1, 2010}
}

@book{fischer_ueber_2009,
title = {{{\"U}ber das Verh{\"a}ltnis von Zahl und Wirklichkeit}},
year = {2009},
address = {Wiesbaden}
}

@article{bostrom_what_1994,
title = {{What Do People Know About Global Climate Change? 1. Mental Models}},
journal = {Risk Analysis},
year = {1994},
volume = {14},
number = {6},
pages = {959--970}
}

@article{franzen_environmental_2010,
author = {Franzen, Axel and Meyer, Reto},
title = {{Environmental Attitudes in Cross-National Perspective: A Multilevel Analysis of the ISSP 1993 and 2000}},
year = {2010},
volume = {26},
number = {3},
pages = {219--234}
}

@book{wickham_ggplot2:_2009,
author = {Wickham, Hadley},
title = {{ggplot2: elegant graphics for data analysis}},
year = {2009}
}

@article{knuesel_vorlesung_2002-1,
title = {{Vorlesung Test- und Sch{\"a}tztheorie II, SS 2002}},
journal = {Miscellaneous},
year = {2002},
annote = {{Kn{\"u}L2002b}}
}

@book{dobson_justice_1998,
title = {{Justice and the Environment: Conceptions of Environmental Sustainability and Theories of Distributive Justice}},
year = {1998},
address = {Oxford},
annote = {{DobA1998a}}
}

@article{kuckartz_determinanten_2007,
author = {Kuckartz, Udo and Rheingans-Heintze, Anke},
title = {{Determinanten des Umweltverhaltens -- Zwischen Rhetorik und Engagement. Vertiefungsstudie im Rahmen des Projektes ''Repr{\"a}sentativumfrage zu Umweltbewusstsein und Umweltverhalten im Jahr 2006''}},
journal = {Miscellaneous},
year = {2007}
}

@book{axelrod_evolution_1984,
title = {{Evolution Of Cooperation}},
year = {1984},
address = {New York}
}

@phdthesis{bosshardt_fleet_2009,
title = {{Fleet dynamics: identifying the main micro processes of technological change within the European passenger car fleet}},
year = {2009},
address = {Z{\"u}rich}
}

@article{schofer_effects_2005,
author = {Schofer, Evan and Hironaka, Ann},
title = {{The Effects of World Society on Environmental Protection Outcomes}},
journal = {Social Forces},
year = {2005},
volume = {84},
number = {1},
pages = {25--47}
}

@book{diamond_collapse:_2005,
title = {{Collapse: How Societies Choose to Fail or Survive}},
year = {2005},
address = {London}
}

@book{popper_alles_1994,
title = {{Alles Leben ist Probleml{\"o}sen: {\"U}ber Erkenntnis, Geschichte und Politik}},
year = {1994},
address = {Darmstadt}
}

@article{gardner_short_2008,
author = {Gardner, Gerald T},
title = {{The Short List: The Most Effective Actions U.S. Households Can Take to Curb Climate Change}},
year = {2008},
volume = {50},
number = {5},
pages = {14--24},
annote = {{GarGSteP2008a}}
}

@article{xiao_validating_2007,
author = {Xiao, Chenyang and Dunlap, Riley E.},
title = {{Validating a Comprehensive Model of Environmental Concern Cross-Nationally: A U.S.-Canadian Comparison}},
year = {2007},
volume = {88},
number = {2},
pages = {471--493},
month = jun,
annote = {Objective. The dimensionality of ``environmental concern'' remains ambiguous despite decades of research on environmental attitudes and beliefs. We attempt to provide insight into this issue by using the belief systems perspective and confirmatory factor analysis {(CFA)} to test a comprehensive conceptualization of environmental concern. Methods. The study employs a comparative design by using national probability samples of citizens from Canada and the United States, and a comprehensive conceptualization model to maximize content validity. We utilize {CFA} and structural equation modeling techniques to avoid well-known measurement error problems in survey research. Results. Eight key facets of environmental concern have moderate to high factor loadings on one underlying construct, and all but perception of community problems and national problems have high loadings. Further analyses provide construct validation for our measurement model. Conclusion. Our results suggest that even among the general public, attitudes toward environmental issues are relatively well organized into a broad and coherent sense of ``concern for the environment.'' The similarity in the {U.S.} and Canadian results increases our faith in the validity of our comprehensive conceptualization of environmental concern, as well as the utility of the belief systems perspective and {CFA} modeling for future studies of environmental attitudes and beliefs. {[ABSTRACT} {FROM} {AUTHOR]}}
}

@article{rockstrom_safe_2009,
title = {{A safe operating space for humanity}},
year = {2009},
volume = {461},
number = {7263},
pages = {472--475},
annote = {{RocJetal2009a}}
}

@article{selden_environmental_1994,
title = {{Environmental Quality and Development: Is there a Kuznets Curve for Air Pollution Emissions?}},
year = {1994},
volume = {27},
pages = {147--162}
}

@article{kron_fuzzy-systems_2005,
title = {{Fuzzy-Systems - {\"U}berlegungen zur Vagheit sozialer Systeme}},
year = {2005},
volume = {11},
number = {2},
pages = {370--394}
}

@book{becker_kunst_1994,
title = {{Die Kunst des professionellen Schreibens: Ein Leitfaden f{\"u}r die Geistes- und Sozialwissenschaften}},
year = {1994},
address = {Frankfurt/New York}
}

@article{franzen_social_2010,
author = {Franzen, Axel and Vogl, Dominikus},
title = {{Social Reactions to the Climate Debate in Germany and Switzerland}},
year = {2010},
volume = {32},
number = {1},
pages = {121--135}
}

@book{mackay_sustainable_2008,
title = {{Sustainable Energy - without the hot air}},
year = {2008},
address = {Cambridge}
}

@book{bauer_ergebnisse_2007,
title = {{Ergebnisse der M{\"u}nchner Absolventenstudie 2006}},
year = {2007}
}

@book{elias_ueber_1964,
title = {{{\"U}ber den Prozess der Zivilisation.}},
year = {1964}
}

@book{bernoulli_ars_1713,
title = {{Ars conjectandi}},
year = {1713},
address = {Basel}
}

@article{wilk_consumption_2002,
title = {{Consumption, human needs, and global environmental change}},
journal = {Global Environmental Change},
year = {2002},
volume = {12},
pages = {5--13},
annote = {{WilR2002a}}
}

@article{Slovic:1981fe,
author = {Slovic, Paul and Fischhoff, B and Lichtenstein, Sarah and Roe, F J C},
title = {{Perceived Risk: Psychological Factors and Social Implications}},
journal = {Proceedings of the Royal Society A: Mathematical, Physical and Engineering Sciences},
year = {1981},
volume = {376},
number = {1764},
pages = {17--34},
month = apr
}

@book{daering_karl_1992,
title = {{Karl R. Popper: Einf{\"u}hrung in Leben und Werk}},
year = {1992},
address = {Bonn}
}

@book{levi_gambling_1973,
title = {{Gambling with Truth: An Essay on Induction and the Aims of Science}},
year = {1973},
address = {Cambridge}
}

@article{franzen_welche_1998,
author = {Franzen, Axel and Hostetter, Agnes and Clarie-Luies, Suter and Wild, Stephan},
title = {{Welche Anspr{\"u}che stellen wir an den Wald?}},
journal = {BUWAL-Bulletin Umweltschutz. BUWAL Bern},
year = {1998}
}

@article{Louis:1984wv,
author = {Louis, TA},
title = {{Estimating a population of parameter values using Bayes and empirical Bayes methods}},
journal = {Journal of the American Statistical Association},
year = {1984},
volume = {79},
number = {386},
pages = {393--298}
}

@article{MarquartPyatt:2011uu,
author = {Marquart-Pyatt, Sandra T and Shwom, Rachael L and Dietz, Thomas and Dunlap, Riley E. and Kaplowitz, Stan A and McCright, Aaron M and Zahran, Sammy},
title = {{Understanding Public Opinion on Climate Change: A Call for Research}},
year = {2011},
volume = {53},
number = {4},
pages = {38--42}
}

@webpage{Gelman:2004vl,
author = {Gelman, Andrew},
title = {{A renaissance for Anova?}},
year = {2004},
url = {http://www.stat.uchicago.edu/~pmcc/pubs/anova.pdf}
}

@book{Goldstein:1999vg,
author = {Goldstein, Harvey},
title = {{Multilevel Statistical Models}},
publisher = {Institute of Education, Multilevel Models Project},
year = {1999}
}

@article{DeLeeuw:1986ey,
author = {De Leeuw, Jan and Kreft, Ita},
title = {{Random Coefficient Models for Multilevel Analysis}},
journal = {Journal of Educational and Behavioral Statistics},
year = {1986},
volume = {11},
number = {1},
pages = {57--85},
month = jan
}

@article{Browne:2000ve,
author = {Browne, William J. and Draper, David},
title = {{Implementation and performance issues in the Bayesian and likelihood fitting of multilevel models}},
journal = {Computational Statistics},
year = {2000},
volume = {15},
pages = {391--420}
}

@article{Draper:1995ts,
author = {Draper, David},
title = {{Assessment and Propagation of Model Uncertainty}},
journal = {Journal of the Royal Statistical Society Series B ( {\ldots}},
year = {1995},
volume = {57},
number = {1},
pages = {45--97}
}

@book{Anonymous:2011wc,
editor = {Langenbacher, Nora and Schellenberg, Britta},
title = {{Europa auf dem "rechten" Weg? : Rechtsextremismus und Rechtspopulismus in Europa}},
publisher = { Friedrich-Ebert-Stiftung},
year = {2011},
address = {Berlin},
month = jul
}

@booklet{Beckers:2010tb,
title = {{KOMPARATIVE EMPIRISCHE SOZIALFORSCHUNG: ANWENDUNGSFELDER UND AKTUELLE METHODEN IN BEST PRA}},
author = {Beckers, T and Birkelbach, KW and Hagenah, J},
howpublished = {VS Verlag},
year = {2010}
}

@book{Zick:2011wr,
author = {Zick, Andreas and K{\"u}pper, Beate and H{\"o}vermann, Andreas},
title = {{Die Abwertung der Anderen : eine europ{\"a}ische Zustandsbeschreibung zu Intoleranz, Vorurteilen und Diskriminierung}},
year = {2011},
month = mar
}

@article{Franzen:2011wa,
author = {Franzen, Axel and Vogl, Dominikus},
title = {{Pitfalls of International Comparative Research: Taking Acquiescence into Account}},
journal = {Journal of Economics and Statistics (Jahrbuecher fuer Nationaloekonomie und Statistik)},
year = {2011},
volume = {231},
number = {5-6},
pages = {761--782},
month = nov
}

@book{Renn:2008wq,
author = {Renn, Ortwin},
title = {{Risk Governance: Coping with Uncertainty in a Complex World}},
publisher = {Earthscan},
year = {2008},
address = {London}
}

@book{Slovic:2000tx,
author = {Slovic, Paul},
title = {{The Perception of Risk}},
publisher = {Earthscan},
year = {2000},
address = {London}
}

@book{Anonymous:2011wg,
editor = {Bon{\ss}, Wolfgang and Augustin, Thomas and Bader, Felix and Pichlbauer, Michaela and Vogl, Dominikus},
title = {{Uneindeutigkeit als Herausforderung. Risikokalkulation, Amtliche Statistik und die Modellierung des Sozialen }},
publisher = {Universit{\"a}t der Bundeswehr M{\"u}nchen},
year = {2011},
address = {Neubiberg},
edition = {1. Auflage}
}

@article{Jann:2011ix,
author = {Jann, B and Jerke, J and Krumpal, I},
title = {{Asking Sensitive Questions Using the Crosswise Model An Experimental Survey Measuring Plagiarism}},
journal = {Public Opinion Quarterly},
year = {2011},
month = nov
}

@article{Dietz:2012bn,
author = {Dietz, Thomas and Rosa, Eugene A and York, Richard},
title = {{Environmentally efficient well-being: Is there a Kuznets curve?}},
journal = {Applied Geography},
year = {2012},
volume = {32},
number = {1},
pages = {21--28},
month = jan
}

@incollection{Hox:1998tu,
author = {Hox, Joop J.},
title = {{Multilevel Modelling: When and Why}},
booktitle = {Classification, data analysis, and data highways},
year = {1998},
editor = {Balderjahn, J. and Mathar, R. and Schader, M.},
pages = {147--154},
publisher = {Springer Verlag},
address = {New York}
}

@article{York:2011em,
author = {York, Richard and Ergas, Christina and Rosa, Eugene A and Dietz, Thomas},
title = {{It's a Material World: Trends in Material Extraction in China, India, Indonesia, and Japan}},
year = {2011},
volume = {6},
number = {2},
pages = {103--122},
month = jun
}

@article{Grimm:1999vy,
author = {Grimm, Stephanie D. and Church, A. Timothy},
title = {{A Cross-Cultural Study of Response Biases in Personality Measures}},
journal = {Journal of Research in Personality},
year = {1999},
volume = {33},
pages = {415--441}
}

@article{South:2011ui,
author = {South, A},
title = {{rworldmap: A New R package for Mapping Global Data}},
journal = {The R Journal},
year = {2011},
volume = {3},
number = {1},
pages = {35--43}
}

@article{springerlink:10.1007/s11577-011-0141-6,
author = {Weins, Cornelia},
title = {{Gruppenbedrohung oder Kontakt?}},
journal = {KZfSS K{\"o}lner Zeitschrift f{\"u}r Soziologie und Sozialpsychologie},
year = {2011},
volume = {63},
pages = {481--499},
annote = {10.1007/s11577-011-0141-6}
}

@article{7025656020111201,
author = {Roose, Jochen},
title = {{Identifikation mit Europa im au{\ss}ereurop{\"a}ischen Vergleich}},
year = {2011},
volume = {40},
number = {6},
pages = {478--496}
}

@article{Shang:2011wz,
author = {Shang, Han Lin},
title = {{rainbow: An R Package for Visualizing Functional Time Series}},
journal = {The R Journal},
year = {2011},
volume = {3},
number = {2},
pages = {54--59}
}

@article{Westveld:2011tk,
author = {Westveld, Anton H. and Hoff, Peter D.},
title = {{A mixed effects model for longitudinal relational and network data, with applications to international trade and conflict}},
journal = {The Annals of Applied Statistics},
year = {2011},
volume = {5},
number = {2A},
pages = {843--872},
month = jun
}

@article{Brechin:2011fo,
author = {Brechin, Steven R and Bhandari, Medani},
title = {{Perceptions of climate change worldwide}},
journal = {WIREs Climate Change},
year = {2011},
volume = {2},
number = {6},
pages = {871--885},
month = oct
}

@book{Cameron:2010vu,
author = {Cameron, Adrian Colin and Trivedi, Pravin K},
title = {{Microeconometrics using Stata}},
publisher = {Stata Press},
year = {2010},
address = {Texas},
edition = {2},
month = mar
}

@article{Dienes:2011cd,
author = {Dienes, Zoltan},
title = {{Bayesian Versus Orthodox Statistics: Which Side Are You On?}},
journal = {Perspectives on Psychological Science},
year = {2011},
volume = {6},
number = {3},
pages = {18},
month = may
}

@book{Schultz:2007tz,
author = {Schultz, D},
title = {{Achsen der Ungleichheit -- Achsen der Differenz. Verh{\"a}ltnisbestimmungen von Klasse, Geschlecht, „Rasse`` / Ethnizit{\"a}t - Google Scholar}},
publisher = {{\ldots} Maisha; Kilomba},
year = {2007}
}

@article{Pittel:2005ti,
author = {Pittel, Karen},
title = {{Diskontraten: Endogen oder nicht endogen? Eine umweltrelevante Fragestellung}},
journal = {Jahrb{\"u}cher f{\"u}r National{\"o}konomie und Statistik},
year = {2005},
number = {4},
pages = {441--458}
}

@book{Zick:2011ts,
author = {Zick, Andreas and K{\"u}pper, Beate and H{\"o}vermann, Andreas},
editor = {Langenbacher, Nora},
title = {{Intolerance, Prejudice and Discrimination }},
publisher = {Friedrich-Ebert-Stiftung},
year = {2011},
series = {A European Report}
}

@misc{MOSAiCHBefragungz:2012vd,
title = {{MOSAiCH: Befragung zu Gesundheit, Umwelt und Politik}},
author = {Ernst St{\"a}hli, Mich{\`e}le and Joye, Dominique and Pollien, Alexandre and Sapin, Marl{\`e}ne},
howpublished = {Schweizer Kompetenzzentrum Sozialwissenschaften - FORS},
year = {2012},
annote = {Mich{\`e}le Ernst St{\"a}hli, Dominique Joye, Alexandre Pollien, Marl{\`e}ne Sapin: MOSAiCH: Befragung zu Gesundheit, Umwelt und Politik - 2011 [Dataset]. Schweizer Kompetenzzentrum Sozialwissenschaften - FORS, Lausanne. Distributed by FORS, Lausanne, 2012.
}
}

@inproceedings{lmucs-papers:Leisch:2002,
title = {{Sweave: Dynamic Generation of Statistical Reports Using Literate Data Analysis}},
booktitle = {Compstat 2002 --- Proceedings in Computational Statistics},
year = {2002},
pages = {575--580},
publisher = {Physica Verlag, Heidelberg},
annote = {ISBN 3-7908-1517-9}
}

@webpage{Partl:2011ty,
author = {Oetiker, Tobias and Partl, Hubert and Hyna, Irene and Schlegl, Elisabeth},
title = {{The Not So Short
Introduction to LATEX 2$\varepsilon$}},
year = {2011},
month = apr,
url = {http://mirror.unl.edu/ctan/info/lshort/english/lshort.pdf }
}

@article{longhofer_national_2010,
author = {Longhofer, Wesley and Schofer, Evan},
title = {{National and Global Origins of Environmental Association}},
year = {2010},
volume = {75},
number = {4},
pages = {505--533}
}

@article{Harring:2011dv,
author = {Harring, Niklas and Jagers, Sverker C and Martinsson, Johan},
title = {{Explaining Ups and Downs in the Public's Environmental Concern in Sweden}},
journal = {Organization {\&} Environment},
year = {2011},
volume = {24},
pages = {388--403}
}

@misc{InternationalSocial:2012iv,
title = {{\emph{International Social Survey Programme 2010: Environment III (ISSP 2010)}}},
author = {Group, ISSP Research},
howpublished = {GESIS Data Archive},
year = {2012},
annote = {<i>ISSP Research Group (2012): International Social Survey Programme 2010: Environment III (ISSP 2010). GESIS Data Archive, Cologne. ZA5500 Data file Version 1.0.0, doi:10.4232/1.11366</i>}
}

@book{Long:2006uu,
author = {Long, J Scott and Freese, Jeremy},
title = {{Regression models for categorical dependent variables using Stata}},
publisher = {Stata Press},
year = {2006},
edition = {2. Ausgabe}
}

@book{Muenchen:2010jw,
author = {Muenchen, Robert A. and Hilbe, Joseph},
title = {{R for Stata Users}},
publisher = {Springer Verlag},
year = {2010},
address = {New York}
}

@book{Radkau:2005ve,
author = {Radkau, Joachim},
title = {{Max Weber}},
publisher = {Hanser},
year = {2005},
series = {Die Leidenschaft des Denkens}
}

@book{Rommelspacher:1998wr,
author = {Rommelspacher, Birgit},
title = {{Dominanzkultur}},
publisher = {Orlanda Frauenverlag},
year = {1998},
series = {Texte zu Fremdheit und Macht},
address = {Berlin},
edition = {2. Auflage},
month = jan
}

@article{Gardner:2008ui,
author = {Gardner, GT},
title = {{Taylor {\&} Francis Online :: The Short List: The Most Effective Actions U.S. Households Can Take to Curb Climate Change - Environment: Science and Policy for Sustainable Development - Volume 50, Issue 5}},
journal = {Environment: Science and Policy for {\ldots}},
year = {2008}
}

@article{Fiala:2008es,
author = {Fiala, Nathan},
title = {{Measuring sustainability: Why the ecological footprint is bad economics and bad environmental science}},
year = {2008},
volume = {67},
number = {4},
pages = {519--525},
month = nov
}

@article{Dietz:2009hg,
author = {Dietz, Thomas and Gardner, Gerald T and Gilligan, Jonathan and Stern, Paul C and Vandenbergh, Michael P.},
title = {{Household actions can provide a behavioral wedge to rapidly reduce US carbon emissions}},
journal = {PNAS},
year = {2009},
volume = {106},
number = {44},
pages = {18452--18456},
month = nov
}

@incollection{Jackman:2008bb,
author = {Jackman, Simon},
title = {{Measurement}},
booktitle = {The Oxford Handbook of Political Methodology
},
year = {2008},
editor = {Box-Steffensmeier, Janet M and Brady, Henry E and Collier, David},
publisher = {Oxford University Press},
address = {Oxford}
}

@article{Treier:2008ua,
author = {Treier, Shawn and Jackman, Simon},
title = {{Democracy as a Latent Variable}},
journal = {American Journal of Political Science},
year = {2008},
volume = {52},
number = {1},
pages = {201--217},
month = jan
}

@article{Jackman:2001tz,
author = {Jackman, Simon},
title = {{Multidimensional analysis of roll call data via Bayesian simulation: identification, estimation, inference, and model checking}},
journal = {Political Analysis},
year = {2001},
volume = {9},
number = {3},
pages = {227--241}
}

@article{Marcott:2013io,
author = {Marcott, S A and Shakun, J D and Clark, P U and Mix, A C},
title = {{A Reconstruction of Regional and Global Temperature for the Past 11,300 Years}},
journal = {Science},
year = {2013},
volume = {339},
number = {6124},
pages = {1198--1201},
month = mar
}

@article{Jackman:2004ug,
author = {Jackman, Simon},
title = {{What Do We Learn from Graduate Admissions Committees? A Multiple Rater, Latent Variable Model, with Incomplete Discrete and Continuous Indicators}},
journal = {Political Analysis},
year = {2004},
volume = {12},
number = {4},
pages = {400--424},
month = jan
}

@book{Fox:2010jo,
author = {Fox, Jean-Paul},
title = {{Bayesian Item Response Modeling. Theory and Applications}},
publisher = {Springer},
year = {2010},
address = {New York Dordrecht Heidelberg London},
annote = {Jean Pauls Homepage: 
http://www.jean-paulfox.com/index.php?option=com_content{\&}amp;view=category{\&}amp;layout=blog{\&}amp;id=5{\&}amp;Itemid=3
}
}

@article{Golder:2003jt,
title = {{Explaining Variation In The Success Of Extreme Right Parties In Western Europe:}},
journal = {Comparative Political Studies},
year = {2003},
volume = {36},
number = {4},
pages = {432--466},
month = may
}

@techreport{WorldResourceInstitute:ve,
author = {{World Resource Institute}},
title = {{World Resources 1987}},
address = {New York}
}

@article{Franzen:2013ek,
author = {Franzen, Axel and Vogl, Dominikus},
title = {{Two decades of measuring environmental attitudes: A comparative analysis of 33 countries}},
journal = {Global Environmental Change},
year = {2013},
volume = {23},
number = {5},
pages = {1001--1008},
month = may
}

@article{Tjernstrom:2008ep,
author = {Tjernstr{\"o}m, E and Tietenberg, T},
title = {{Do differences in attitudes explain differences in national climate change policies?}},
year = {2008},
volume = {65},
number = {2},
pages = {315--324},
month = apr
}

@article{MacKerron:2013fj,
author = {MacKerron, George and Mourato, Susana},
title = {{Happiness is greater in natural environments}},
journal = {Global Environmental Change},
year = {2013},
pages = {1--9},
month = may
}

@article{ISI:A1994QA48200005,
author = {Stern, Paul C and Dietz, Thomas},
title = {{The Value Basis of Environmental Concern}},
journal = {Journal of Social Issues},
year = {1994},
volume = {50},
number = {3},
pages = {65--84},
month = oct
}

@article{Dietz:2002bh,
author = {Dietz, T and Kalof, L and Stern, P C},
title = {{Gender, values, and environmentalism}},
year = {2002},
volume = {83},
number = {1},
pages = {353--364},
month = mar
}

@article{ISI:A1995TF50400001,
author = {Stern, P C and Dietz, T and Guagnano, G A},
title = {{THE NEW ECOLOGICAL PARADIGM IN SOCIAL-PSYCHOLOGICAL CONTEXT}},
journal = {Environment and Behavior},
year = {1995},
volume = {{27}},
number = {{6}},
pages = {{723--743}},
month = nov
}

@article{Stern:1995eu,
author = {Stern, P C and Dietz, T and Guagnano, G A},
title = {{The New Ecological Paradigm in Social-Psychological Context}},
journal = {Environment and Behavior},
year = {1995},
volume = {27},
number = {6},
pages = {723--743},
month = nov
}

@article{Spaargaren:1992cn,
author = {Spaargaren, Gert and Mol, Arthur P J},
title = {{Sociology, environment, and modernity: Ecological modernization as a theory of social change}},
journal = {Society and Natural Resources},
year = {1992},
volume = {5},
number = {4},
pages = {323--344},
month = oct
}

@article{Fisher:2001th,
author = {Fisher, Dana R and Freudenburg, William R},
title = {{Ecological modernization and its critics: Assessing the past and looking toward the future}},
journal = {Society and Natural Resources},
year = {2001},
volume = {14},
number = {8},
pages = {701--709}
}

@article{Shwom:2012gr,
author = {Lorenzen, Janet A},
title = {{Changing household consumption to address climate change: social scientific insights and challenges}},
journal = {Wiley Interdisciplinary Reviews: Climate Change},
year = {2012},
volume = {3},
number = {5},
pages = {379--395},
month = jul
}

@article{Flynn:1994dn,
author = {Flynn, James and Slovic, Paul and Mertz, C K},
title = {{Gender, Race, and Perception of Environmental Health Risks}},
journal = {Risk Analysis},
year = {1994},
volume = {14},
number = {6},
pages = {1101--1108},
month = dec
}

@article{Baldassare:1992fi,
author = {Baldassare, Mark and Katz, Cheryl},
title = {{The Personal Threat of Environmental Problems as Predictor of Environmental Practices}},
journal = {Environment and Behavior},
year = {1992},
volume = {24},
number = {5},
pages = {602--616},
month = sep
}

@article{Hine:1991ix,
author = {Hine, Donald W and Gifford, Robert},
title = {{Fear Appeals, Individual Differences, and Environmental Concern}},
journal = {The Journal of Environmental Education},
year = {1991},
volume = {23},
number = {1},
pages = {36--41},
month = oct
}

@article{Hines:1987db,
author = {Hines, Jody M and Hungerford, Harold R and Tomera, Audrey N},
title = {{Analysis and Synthesis of Research on Responsible Environmental Behavior: A Meta-Analysis}},
journal = {The Journal of Environmental Education},
year = {1987},
volume = {18},
number = {2},
pages = {1--8},
month = jan
}

@article{Bamberg:2007fh,
author = {Bamberg, Sebastian and M{\"o}ser, Guido},
title = {{Twenty years after Hines, Hungerford, and Tomera: A new meta-analysis of psycho-social determinants of pro-environmental behaviour}},
journal = {Journal of Environmental Psychology},
year = {2007},
volume = {27},
number = {1},
pages = {14--25},
month = mar,
annote = {Statt der Hines Artikel wird nun ein Update gemacht. Scheint spannend zu sein. kommt auf die Leseliste. 
}
}

@article{VanLiere:1981wy,
author = {Van Liere, Kent D. and Dunlap, Riley E.},
title = {{Environmental Concern Does it Make a Difference How it's Measured?}},
year = {1981}
}

@article{Oreg:2006bl,
author = {Oreg, S},
title = {{Predicting Proenvironmental Behavior Cross-Nationally: Values, the Theory of Planned Behavior, and Value-Belief-Norm Theory}},
journal = {Environment and Behavior},
year = {2006},
volume = {38},
number = {4},
pages = {462--483},
month = jul
}

@article{Guagnano:1995ep,
author = {Guagnano, Gregory A. and Stern, Paul C and Dietz, Thomas},
title = {{Influences on Attitude-Behavior Relationships: A Natural Experiment with Curbside Recycling}},
journal = {Environment and Behavior},
year = {1995},
volume = {27},
number = {5},
pages = {699--718},
month = sep
}

@article{Goksen:2002hr,
author = {G{\"o}ksen, Fatos and Adaman, Fikret and Zenginobuz, E {\"u}nal},
title = {{On Environmental Concern, Willingness to Pay, and Postmaterialist Values: Evidence from Istanbul}},
journal = {Environment and Behavior},
year = {2002},
volume = {34},
number = {5},
pages = {616--633},
month = sep
}

@article{Davis:2000dg,
author = {Davis, Darren},
title = {{Individual Level Examination of Postmaterialism in the U.S.: Political Tolerance, Racial Attitudes, Environmentalism, - and Participatory Norms}},
year = {2000},
volume = {53},
number = {3},
pages = {455--475},
month = sep
}

@article{Kidd:1997kq,
author = {Kidd, Quentin and Lee, Aie-Rie},
title = {{Postmaterialist Values and the Environment: A Critique and Reappraisal.}},
journal = {Social Science Quarterly (University of Texas Press)},
year = {1997},
volume = {78},
number = {1},
pages = {1--15},
month = mar,
annote = {Accession Number: 9704101006; Kidd, Quentin 1; Email Address: UEKID@TTACS.TTU.EDU; Lee, Aie-Rie 1; Email Address: UQLEE@TTACS.TTU.EDU; Affiliations: 1 : Texas Tech University.; Source Info: Mar97, Vol. 78 Issue 1, p1; Thesaurus Term: POSTMATERIALISM; Thesaurus Term: SOCIAL surveys; Thesaurus Term: SOCIAL change; Thesaurus Term: QUALITY of life; Subject Term: ENVIRONMENTALISM; Subject Term: GLOBAL environmental change; Number of Pages: 15p; Illustrations: 4 Charts, 3 Graphs; Document Type: Article}
}

@article{Wolkomir:1997kq,
author = {Wolkomir, Michelle and Futreal, Michael and Woodrum, Eric and Hoban, Thomas},
title = {{Substantive Religious Belief and Environmentalism.}},
journal = {Social Science Quarterly (University of Texas Press)},
year = {1997},
volume = {78},
number = {1},
pages = {96--108},
month = mar,
annote = {Accession Number: 9704101015; Wolkomir, Michelle 1; Futreal, Michael 1; Woodrum, Eric 1; Hoban, Thomas 1; Affiliations: 1 : North Carolina State University.; Source Info: Mar97, Vol. 78 Issue 1, p96; Thesaurus Term: JUDEO-Christian tradition; Thesaurus Term: SOCIOLOGISTS; Thesaurus Term: ENVIRONMENTAL activism; Thesaurus Term: SOCIAL attitudes; Subject Term: DOCTRINAL theology; Number of Pages: 13p; Illustrations: 5 Charts; Document Type: Article}
}

@article{Pierce:1997kq,
author = {Pierce, John C},
title = {{The Hidden Layer of Political Culture: A Comment on "Postmaterialist Values and the Environment: A Critique and Reappraisal"}},
journal = {Social Science Quarterly (University of Texas Press)},
year = {1997},
volume = {78},
number = {1},
pages = {30--35},
month = mar,
annote = {Accession Number: 9704101010; Pierce, John C. 1; Email Address: PierceJC@Mail.WSU.EDU; Affiliations: 1 : Washington State University.; Source Info: Mar97, Vol. 78 Issue 1, p30; Thesaurus Term: POSTMATERIALISM; Thesaurus Term: NUCLEAR weapons; Thesaurus Term: ENVIRONMENTAL protection; Thesaurus Term: ECONOMIC development; Subject Term: ENVIRONMENTALISM; Subject Term: UNITED States; Subject Term: CANADA; Number of Pages: 6p; Document Type: Article}
}

@article{Brechin:1997kq,
author = {Brechin, Steven R and Kempton, Willet},
title = {{Beyond Postmaterialist Values: National versus Individual Explanations of Global Environmentalism.}},
journal = {Social Science Quarterly (University of Texas Press)},
year = {1997},
volume = {78},
number = {1},
pages = {16--20},
month = mar,
annote = {Accession Number: 9704101007; Brechin, Steven R. 1; Kempton, Willet 2; Affiliations: 1 : University of Michigan.; 2 : University of Delaware.; Source Info: Mar97, Vol. 78 Issue 1, p16; Thesaurus Term: POSTMATERIALISM; Thesaurus Term: SOCIAL surveys; Thesaurus Term: SOCIAL values; Thesaurus Term: MASS society; Subject Term: ENVIRONMENTALISM; Subject Term: SURVEYS; Number of Pages: 5p; Illustrations: 1 Chart; Document Type: Article}
}

@article{Abramson:1997kq,
author = {Abramson, Paul R},
title = {{Postmaterialism and Environmentalism: A Comment on an Analysis and a Reappraisal.}},
journal = {Social Science Quarterly (University of Texas Press)},
year = {1997},
volume = {78},
number = {1},
pages = {21--23},
month = mar,
annote = {Accession Number: 9704101008; Abramson, Paul R. 1; Email Address: ABRAMSON@PILOT.MSU.EDU; Affiliations: 1 : Michigan State University.; Source Info: Mar97, Vol. 78 Issue 1, p21; Thesaurus Term: POSTMATERIALISM; Thesaurus Term: ECONOMIC development; Thesaurus Term: SOCIAL surveys; Thesaurus Term: SOCIAL movements; Subject Term: ENVIRONMENTALISM; Subject Term: DEVELOPED countries; Subject Term: UNITED States; Subject Term: EUROPE; Number of Pages: 3p; Document Type: Article}
}

